[
  {
    "id": "p_268",
    "projectNumber": "CB - 25 - 001",
    "projectName": "Crossroads Beverage",
    "customer": "Wohlsen Construction Company",
    "status": "Lost",
    "sales": 5118339.86,
    "cost": 3852769.04,
    "hours": 9462.03,
    "laborSales": 482108.05,
    "laborCost": 362487.26,
    "quantity": 301034.08,
    "estimator": "Steffy Rick",
    "dateCreated": "2025-04-02T04:00:00.000Z",
    "archived": false,
    "active": false,
    "pmcBreakdown": {
      "Part": 0,
      "Slab On Grade Labor": 2500,
      "Wall Labor": 2457,
      "Travel Labor": 1956.3999999999996,
      "Site Concrete Labor": 1341.67,
      "Foundation Labor": 1034.6,
      "Subcontractor": 0,
      "PM": 172.35999999999999
    }
  },
  {
    "id": "p_324",
    "projectNumber": "GR-25-001",
    "projectName": "Greystar Great Valley Residential",
    "customer": "IMC Construction",
    "status": "Lost",
    "sales": 4977132.51,
    "cost": 4047652.15,
    "hours": 13345,
    "laborSales": 658704.48,
    "laborCost": 491570.5,
    "quantity": 355937.48,
    "estimator": "Stoltzfus Jr Isaac",
    "dateCreated": "2024-12-18T05:00:00.000Z",
    "archived": false,
    "active": false,
    "pmcBreakdown": {
      "Uncategorized": 0,
      "Subcontractor": 0,
      "Part": 0,
      "1. Labor": 5176,
      "Foundation Labor": 3697,
      "Labor": 1668,
      "Travel Labor": 1890,
      "PM": 914,
      "Equipment": 0
    }
  },
  {
    "id": "p_111",
    "projectNumber": "2510 - HA",
    "projectName": "Ave Horsham Apartments + Garage",
    "customer": "CBG Building Company",
    "status": "Bid Submitted",
    "sales": 3630772.51,
    "cost": 2774351.02,
    "hours": 17490.5,
    "laborSales": 957616.78,
    "laborCost": 685740.5,
    "quantity": 298957.01,
    "estimator": "Stoltzfus Jr Isaac",
    "dateCreated": "2025-10-08T04:00:00.000Z",
    "archived": false,
    "active": true,
    "pmcBreakdown": {
      "Subcontractor": 0,
      "Part": 0,
      "Slab On Grade Labor": 4567,
      "Site Concrete Labor": 2405,
      "Foundation Labor": 3405,
      "Travel Labor": 4049.5,
      "Excavation And Backfill Labor": 450,
      "PM": 2294,
      "Equipment": 0,
      "Stone Grading Labor": 125,
      "Wall Labor": 195
    }
  },
  {
    "id": "p_301",
    "projectNumber": "CA-25-001",
    "projectName": "Collegeville Apartments",
    "customer": "High Construction Company",
    "status": "Bid Submitted",
    "sales": 3091289.92,
    "cost": 2442413.22,
    "hours": 13173,
    "laborSales": 720538.5,
    "laborCost": 518373,
    "quantity": 206024.9,
    "estimator": "Stoltzfus Jr Isaac",
    "dateCreated": "2025-01-31T05:00:00.000Z",
    "archived": false,
    "active": true,
    "pmcBreakdown": {
      "Subcontractor": 0,
      "Part": 0,
      "Slab On Grade Labor": 3004,
      "Site Concrete Labor": 1162,
      "Excavation And Backfill Labor": 2244,
      "Foundation Labor": 2647,
      "Equipment": 0,
      "Travel Labor": 2441,
      "PM": 1047,
      "Stone Grading Labor": 522,
      "Uncategorized": 0,
      "Wall Labor": 106
    }
  },
  {
    "id": "p_223",
    "projectNumber": "2506 - CL",
    "projectName": "CANVAS Lawrenceville-Apartments",
    "customer": "CBG Building Company",
    "status": "Bid Submitted",
    "sales": 2289490.14,
    "cost": 1799630.95,
    "hours": 15167,
    "laborSales": 748388.41,
    "laborCost": 583656,
    "quantity": 380662.96,
    "estimator": "Stoltzfus Jr Isaac",
    "dateCreated": "2025-06-06T04:00:00.000Z",
    "archived": false,
    "active": false,
    "pmcBreakdown": {
      "Part": 0,
      "Site Concrete Labor": 3735,
      "Slab On Grade Labor": 2475,
      "Subcontractor": 0,
      "Travel Labor": 4499,
      "Excavation And Backfill Labor": 1340,
      "Stone Grading Labor": 1045,
      "Equipment": 0,
      "Foundation Labor": 1613,
      "Travel": 0,
      "PM": 430,
      "Wall Labor": 30
    }
  },
  {
    "id": "p_197",
    "projectNumber": "2507 - M",
    "projectName": "Mosaic",
    "customer": "CCS Building Group",
    "status": "Bid Submitted",
    "sales": 2282452.28,
    "cost": 1915900.91,
    "hours": 4539,
    "laborSales": 261959.46,
    "laborCost": 196962,
    "quantity": 710819.41,
    "estimator": "Steffy Rick",
    "dateCreated": "2025-07-21T04:00:00.000Z",
    "archived": false,
    "active": false,
    "pmcBreakdown": {
      "Subcontractor": 0,
      "Part": 0,
      "Equipment": 0,
      "PM": 1440,
      "Foundation Labor": 2653.5,
      "Wall Labor": 120,
      "Travel Labor": 325.5
    }
  },
  {
    "id": "p_181",
    "projectNumber": "2508 - HLC",
    "projectName": "Hershey Lumber Company",
    "customer": "Benchmark Construction Co., Inc.",
    "status": "Bid Submitted",
    "sales": 2244771.11,
    "cost": 1742099.96,
    "hours": 13599.36,
    "laborSales": 701265.05,
    "laborCost": 523332.13,
    "quantity": 230258.2,
    "estimator": "Steffy Rick",
    "dateCreated": "2025-08-12T04:00:00.000Z",
    "archived": false,
    "active": false,
    "pmcBreakdown": {
      "Subcontractor": 0,
      "Slab On Grade Labor": 7260,
      "Part": 0,
      "Foundation Labor": 3075.68,
      "Travel Labor": 2877.9999999999995,
      "Equipment": 0,
      "PM": 385.67999999999984
    }
  },
  {
    "id": "p_137",
    "projectNumber": "2518 - AC",
    "projectName": "Audubon Collegeville",
    "customer": "High Construction Company",
    "status": "Estimating",
    "sales": 2121496.26,
    "cost": 2018818.28,
    "hours": 0,
    "laborSales": 0,
    "laborCost": 0,
    "quantity": 90462.7,
    "estimator": "Stoltzfus Jr Isaac",
    "dateCreated": "2025-09-18T04:00:00.000Z",
    "archived": false,
    "active": true,
    "pmcBreakdown": {
      "Subcontractor": 0,
      "Part": 0,
      "Uncategorized": 0
    }
  },
  {
    "id": "p_39",
    "projectNumber": "(blank)",
    "projectName": "GLC Lehigh Valley Warehouse",
    "customer": "Horst Excavating",
    "status": "Bid Submitted",
    "sales": 1904745.07,
    "cost": 1442433.14,
    "hours": 6702.5,
    "laborSales": 342350.66,
    "laborCost": 257406.5,
    "quantity": 345031.12,
    "estimator": "Steffy Rick",
    "dateCreated": "2026-01-06T05:00:00.000Z",
    "archived": false,
    "active": false,
    "pmcBreakdown": {
      "Part": 0,
      "Site Concrete Labor": 4725,
      "Travel Labor": 1818,
      "Subcontractor": 0,
      "PM": 159.5
    }
  },
  {
    "id": "p_40",
    "projectNumber": "(blank)",
    "projectName": "GLC Lehigh Valley Warehouse",
    "customer": "CH+N Site",
    "status": "Bid Submitted",
    "sales": 1904745.07,
    "cost": 1442433.14,
    "hours": 6702.5,
    "laborSales": 342350.66,
    "laborCost": 257406.5,
    "quantity": 345031.12,
    "estimator": "Steffy Rick",
    "dateCreated": "2026-01-05T05:00:00.000Z",
    "archived": false,
    "active": false,
    "pmcBreakdown": {
      "Part": 0,
      "Site Concrete Labor": 4725,
      "Travel Labor": 1818,
      "Subcontractor": 0,
      "PM": 159.5
    }
  },
  {
    "id": "p_254",
    "projectNumber": "BV-25-001",
    "projectName": "Broadcasting Village",
    "customer": "Buch Construction",
    "status": "Bid Submitted",
    "sales": 1459233.89,
    "cost": 1154166.75,
    "hours": 8654,
    "laborSales": 444192.79,
    "laborCost": 333497,
    "quantity": 145487.18,
    "estimator": "Stoltzfus Jr Isaac",
    "dateCreated": "2025-04-11T04:00:00.000Z",
    "archived": false,
    "active": true,
    "pmcBreakdown": {
      "Site Concrete Labor": 2423,
      "Subcontractor": 0,
      "Part": 0,
      "Foundation Labor": 2915,
      "Travel Labor": 1197,
      "Slab On Grade Labor": 1496,
      "Wall Labor": 343,
      "PM": 280,
      "Equipment": 0,
      "Uncategorized": 0
    }
  },
  {
    "id": "p_24",
    "projectNumber": "(blank)",
    "projectName": "Garden Spot - Sycamore Springs",
    "customer": "Warfel Construction",
    "status": "Bid Submitted",
    "sales": 1455469.83,
    "cost": 1105355.36,
    "hours": 6258,
    "laborSales": 354647.43,
    "laborCost": 260770.16,
    "quantity": 327294.23,
    "estimator": "Stoltzfus Jr Isaac",
    "dateCreated": "2026-01-22T05:00:00.000Z",
    "archived": false,
    "active": false,
    "pmcBreakdown": {
      "Part": 0,
      "Slab On Grade Labor": 4020,
      "Stone Grading Labor": 1413,
      "Subcontractor": 0,
      "Equipment": 0,
      "Travel Labor": 459,
      "Site Concrete Labor": 164,
      "PM": 202
    }
  },
  {
    "id": "p_192",
    "projectNumber": "2507-LLC",
    "projectName": "Lancaster Log Cabins 2025",
    "customer": "Hoover Building Specialists, Inc.",
    "status": "Bid Submitted",
    "sales": 1341802.79,
    "cost": 1012679.05,
    "hours": 5705.99,
    "laborSales": 297181.35,
    "laborCost": 219144.03,
    "quantity": 29993.5,
    "estimator": "Swinehart Shelly",
    "dateCreated": "2025-07-31T04:00:00.000Z",
    "archived": false,
    "active": false,
    "pmcBreakdown": {
      "Part": 0,
      "Slab On Grade Labor": 3028,
      "Site Concrete Labor": 1748.38,
      "Subcontractor": 0,
      "Travel Labor": 770.4,
      "PM": 159.21000000000004
    }
  },
  {
    "id": "p_169",
    "projectNumber": "2508 - SC",
    "projectName": "Sadsbury Commons",
    "customer": "Milex Construction, LLC",
    "status": "Accepted",
    "sales": 1318441.66,
    "cost": 1008736.79,
    "hours": 7599.5,
    "laborSales": 449097.65,
    "laborCost": 335147.5,
    "quantity": 473183.3,
    "estimator": "Stoltzfus Jr Isaac",
    "dateCreated": "2025-08-19T04:00:00.000Z",
    "archived": false,
    "active": true,
    "pmcBreakdown": {
      "Part": 0,
      "Slab On Grade Labor": 1720,
      "Excavation And Backfill Labor": 1057,
      "Stone Grading Labor": 852,
      "Site Concrete Labor": 1107,
      "Foundation Labor": 1762,
      "Subcontractor": 0,
      "Wall Labor": 335,
      "Travel Labor": 513.5,
      "Equipment": 0,
      "PM": 253,
      "Uncategorized": 0
    }
  },
  {
    "id": "p_263",
    "projectNumber": "BW - 25 - 001",
    "projectName": "Burkentine Warehouse",
    "customer": "Centurion Construction Group, LLC",
    "status": "Bid Submitted",
    "sales": 1147873.36,
    "cost": 859104.28,
    "hours": 5199.31,
    "laborSales": 266393.96,
    "laborCost": 198801.46,
    "quantity": 142609.88,
    "estimator": "Steffy Rick",
    "dateCreated": "2025-04-07T04:00:00.000Z",
    "archived": false,
    "active": false,
    "pmcBreakdown": {
      "Part": 0,
      "Slab On Grade Labor": 1860,
      "Foundation Labor": 663,
      "Site Concrete Labor": 850.77,
      "Travel Labor": 1686.5,
      "Subcontractor": 0,
      "Wall Labor": 48,
      "PM": 91.04
    }
  },
  {
    "id": "p_179",
    "projectNumber": "2508-CC",
    "projectName": "Cozy Cabins",
    "customer": "Hoover Building Specialists, Inc.",
    "status": "Bid Submitted",
    "sales": 1127991.22,
    "cost": 853644.65,
    "hours": 3811.24,
    "laborSales": 194845.94,
    "laborCost": 146500.71,
    "quantity": 22976.93,
    "estimator": "Swinehart Shelly",
    "dateCreated": "2025-08-13T04:00:00.000Z",
    "archived": false,
    "active": false,
    "pmcBreakdown": {
      "Part": 0,
      "Slab On Grade Labor": 2563,
      "Subcontractor": 0,
      "Site Concrete Labor": 704.63,
      "Travel Labor": 434.70000000000005,
      "PM": 108.91
    }
  },
  {
    "id": "p_295",
    "projectNumber": "RP-25-001",
    "projectName": "Residences at Providence Town Center, Phase 3",
    "customer": "Bozzuto Construction Company",
    "status": "Bid Submitted",
    "sales": 1122967.49,
    "cost": 898421.65,
    "hours": 6932.5,
    "laborSales": 366671.94,
    "laborCost": 292254.5,
    "quantity": 143511.94,
    "estimator": "Stoltzfus Jr Isaac",
    "dateCreated": "2025-02-06T05:00:00.000Z",
    "archived": false,
    "active": false,
    "pmcBreakdown": {
      "Subcontractor": 0,
      "Part": 0,
      "Wall Labor": 1013,
      "1. Labor": 2701,
      "Foundation Labor": 1285,
      "Travel Labor": 1042,
      "Labor": 525,
      "Equipment": 0,
      "PM": 366.5,
      "Uncategorized": 0
    }
  },
  {
    "id": "p_37",
    "projectNumber": "(blank)",
    "projectName": "Cozy Cabins",
    "customer": "Brecknock Builders LLC",
    "status": "Bid Submitted",
    "sales": 1110139.46,
    "cost": 840222.28,
    "hours": 3798.97,
    "laborSales": 194247.66,
    "laborCost": 146050.88,
    "quantity": 22889.16,
    "estimator": "Steffy Rick",
    "dateCreated": "2026-01-09T05:00:00.000Z",
    "archived": false,
    "active": false,
    "pmcBreakdown": {
      "Part": 0,
      "Slab On Grade Labor": 2563,
      "Subcontractor": 0,
      "Site Concrete Labor": 695.63,
      "Travel Labor": 431.80000000000007,
      "PM": 108.53999999999999
    }
  },
  {
    "id": "p_106",
    "projectNumber": "2510 - HFW",
    "projectName": "Highlands Flex Warehouse",
    "customer": "High Construction Company",
    "status": "Bid Submitted",
    "sales": 1039049.16,
    "cost": 778348.42,
    "hours": 5054.5,
    "laborSales": 391017.38,
    "laborCost": 194536,
    "quantity": 156658.44,
    "estimator": "Steffy Rick",
    "dateCreated": "2025-10-13T04:00:00.000Z",
    "archived": false,
    "active": false,
    "pmcBreakdown": {
      "Part": 0,
      "Slab On Grade Labor": 1080,
      "Foundation Labor": 2168,
      "Site Concrete Labor": 881,
      "Subcontractor": 0,
      "Travel Labor": 780.5,
      "PM": 145,
      "Equipment": 0
    }
  },
  {
    "id": "p_144",
    "projectNumber": "2508 - SC",
    "projectName": "Sadsbury Commons",
    "customer": "Scenic Ridge Construction",
    "status": "Bid Submitted",
    "sales": 1001905.8,
    "cost": 769995.32,
    "hours": 4650,
    "laborSales": 236621.22,
    "laborCost": 179258.5,
    "quantity": 182089.21,
    "estimator": "Stoltzfus Jr Isaac",
    "dateCreated": "2025-09-10T04:00:00.000Z",
    "archived": false,
    "active": false,
    "pmcBreakdown": {
      "Part": 0,
      "Slab On Grade Labor": 1665,
      "Foundation Labor": 1607,
      "Site Concrete Labor": 725,
      "Subcontractor": 0,
      "Travel Labor": 407.5,
      "Equipment": 0,
      "Wall Labor": 95,
      "PM": 150.5
    }
  },
  {
    "id": "p_17",
    "projectNumber": "2601 - JFM",
    "projectName": "John F Martin",
    "customer": "Scenic Ridge Construction",
    "status": "In Progress",
    "sales": 937951.61,
    "cost": 653802.04,
    "hours": 3060,
    "laborSales": 257729.15,
    "laborCost": 128447.12,
    "quantity": 6699.45,
    "estimator": "Steffy Rick",
    "dateCreated": "2026-01-28T05:00:00.000Z",
    "archived": false,
    "active": true,
    "pmcBreakdown": {
      "Part": 0,
      "Slab On Grade Labor": 2320,
      "Travel Labor": 663,
      "Subcontractor": 0,
      "PM": 77
    }
  },
  {
    "id": "p_81",
    "projectNumber": "2511-RP",
    "projectName": "Rushtown Poultry",
    "customer": "Hoover Building Specialists, Inc.",
    "status": "Bid Submitted",
    "sales": 888653.64,
    "cost": 675964.02,
    "hours": 4788.5,
    "laborSales": 244489.94,
    "laborCost": 183827,
    "quantity": 28454.87,
    "estimator": "Swinehart Shelly",
    "dateCreated": "2025-11-06T05:00:00.000Z",
    "archived": false,
    "active": false,
    "pmcBreakdown": {
      "Part": 0,
      "Slab On Grade Labor": 3213,
      "Travel Labor": 1298.5,
      "Subcontractor": 0,
      "PM": 117,
      "Site Concrete Labor": 160
    }
  },
  {
    "id": "p_251",
    "projectNumber": "CD - 25 - 001",
    "projectName": "Commerce Drive Production Facility",
    "customer": "Keystruct Construction LLC",
    "status": "Bid Submitted",
    "sales": 864776.77,
    "cost": 655376.36,
    "hours": 4186.96,
    "laborSales": 213536.75,
    "laborCost": 160553.94,
    "quantity": 106547.52,
    "estimator": "Steffy Rick",
    "dateCreated": "2025-04-17T04:00:00.000Z",
    "archived": false,
    "active": false,
    "pmcBreakdown": {
      "Part": 0,
      "Foundation Labor": 1520.48,
      "Slab On Grade Labor": 1212,
      "Site Concrete Labor": 626.35,
      "Travel Labor": 681,
      "Subcontractor": 0,
      "Wall Labor": 52.75,
      "PM": 94.37999999999998
    }
  },
  {
    "id": "p_165",
    "projectNumber": "2508 - OT",
    "projectName": "ACTS Lower Gwynedd - Oakbridge Terrace",
    "customer": "Warfel Construction",
    "status": "Bid Submitted",
    "sales": 837739.01,
    "cost": 676826.79,
    "hours": 2110.5,
    "laborSales": 120559.87,
    "laborCost": 90646.5,
    "quantity": 74453.52,
    "estimator": "Stoltzfus Jr Isaac",
    "dateCreated": "2025-08-25T04:00:00.000Z",
    "archived": false,
    "active": false,
    "pmcBreakdown": {
      "Subcontractor": 0,
      "Part": 0,
      "Slab On Grade Labor": 789,
      "Excavation And Backfill Labor": 245,
      "Stone Grading Labor": 170,
      "Foundation Labor": 354,
      "Travel Labor": 375,
      "Equipment": 0,
      "Site Concrete Labor": 55,
      "Wall Labor": 45,
      "PM": 77.5
    }
  },
  {
    "id": "p_15",
    "projectNumber": "(blank)",
    "projectName": "J-Tech",
    "customer": "Hoover Building Specialists, Inc.",
    "status": "Bid Submitted",
    "sales": 778876.28,
    "cost": 574158.69,
    "hours": 2967.75,
    "laborSales": 254298.1,
    "laborCost": 124655.93,
    "quantity": 20656.19,
    "estimator": "Swinehart Shelly",
    "dateCreated": "2026-01-29T05:00:00.000Z",
    "archived": false,
    "active": false,
    "pmcBreakdown": {
      "Part": 0,
      "Slab On Grade Labor": 2107,
      "Site Concrete Labor": 612,
      "Travel Labor": 581,
      "Subcontractor": 0,
      "PM": 93.75
    }
  },
  {
    "id": "p_142",
    "projectNumber": "2508 - OT",
    "projectName": "ACTS Lower Gwynedd - Oakbridge Terrace",
    "customer": "Wohlsen Construction Company",
    "status": "Bid Submitted",
    "sales": 753968.87,
    "cost": 610629.21,
    "hours": 1668.5,
    "laborSales": 85761.74,
    "laborCost": 64482.5,
    "quantity": 56033.58,
    "estimator": "Stoltzfus Jr Isaac",
    "dateCreated": "2025-09-16T04:00:00.000Z",
    "archived": false,
    "active": false,
    "pmcBreakdown": {
      "Subcontractor": 0,
      "Part": 0,
      "Slab On Grade Labor": 789,
      "Foundation Labor": 344,
      "Travel Labor": 372,
      "Site Concrete Labor": 55,
      "Wall Labor": 45,
      "Equipment": 0,
      "PM": 63.5
    }
  },
  {
    "id": "p_247",
    "projectNumber": "2505-GM",
    "projectName": "Godshall's Quality Meats",
    "customer": "Centurion Construction Group, LLC",
    "status": "Bid Submitted",
    "sales": 742833.92,
    "cost": 540552.77,
    "hours": 4040.5,
    "laborSales": 216316.68,
    "laborCost": 155623.5,
    "quantity": 73605.59,
    "estimator": "Stoltzfus Jr Isaac",
    "dateCreated": "2025-05-01T04:00:00.000Z",
    "archived": false,
    "active": false,
    "pmcBreakdown": {
      "Part": 0,
      "Wall Labor": 840,
      "Slab On Grade Labor": 1245,
      "Site Concrete Labor": 365,
      "Travel Labor": 1009,
      "Foundation Labor": 453,
      "Subcontractor": 0,
      "PM": 128.5,
      "Equipment": 0,
      "Uncategorized": 0
    }
  },
  {
    "id": "p_277",
    "projectNumber": "RM-25-001",
    "projectName": "Railroad Museum of PA",
    "customer": "eciConstruction",
    "status": "Lost",
    "sales": 737865.49,
    "cost": 564284.64,
    "hours": 3352.5,
    "laborSales": 249233.12,
    "laborCost": 191130.87,
    "quantity": 62078.88,
    "estimator": "Stoltzfus Jr Isaac",
    "dateCreated": "2025-03-19T04:00:00.000Z",
    "archived": false,
    "active": false,
    "pmcBreakdown": {
      "Part": 0,
      "Slab On Grade Labor": 450,
      "Site Concrete Labor": 408,
      "Wall Labor": 480,
      "Foundation Labor": 1596,
      "Equipment": 0,
      "1. Labor": 160,
      "Subcontractor": 0,
      "PM": 164,
      "Travel Labor": 94.5,
      "Uncategorized": 0
    }
  },
  {
    "id": "p_278",
    "projectNumber": "RM-25-001",
    "projectName": "Railroad Museum of PA",
    "customer": "George Allen Construction",
    "status": "Lost",
    "sales": 737865.49,
    "cost": 564284.64,
    "hours": 3352.5,
    "laborSales": 249233.12,
    "laborCost": 191130.87,
    "quantity": 62078.88,
    "estimator": "Stoltzfus Jr Isaac",
    "dateCreated": "2025-03-19T04:00:00.000Z",
    "archived": false,
    "active": false,
    "pmcBreakdown": {
      "Part": 0,
      "Slab On Grade Labor": 450,
      "Site Concrete Labor": 408,
      "Wall Labor": 480,
      "Foundation Labor": 1596,
      "Equipment": 0,
      "1. Labor": 160,
      "Subcontractor": 0,
      "PM": 164,
      "Travel Labor": 94.5,
      "Uncategorized": 0
    }
  },
  {
    "id": "p_293",
    "projectNumber": "RM-25-001",
    "projectName": "Railroad Museum of PA",
    "customer": "Caldwell, Heckles and Egan, Inc.",
    "status": "Lost",
    "sales": 737865.49,
    "cost": 564284.64,
    "hours": 3352.5,
    "laborSales": 249233.12,
    "laborCost": 191130.87,
    "quantity": 62078.88,
    "estimator": "Stoltzfus Jr Isaac",
    "dateCreated": "2025-02-14T05:00:00.000Z",
    "archived": false,
    "active": false,
    "pmcBreakdown": {
      "Part": 0,
      "Slab On Grade Labor": 450,
      "Site Concrete Labor": 408,
      "Wall Labor": 480,
      "Foundation Labor": 1596,
      "Equipment": 0,
      "1. Labor": 160,
      "Subcontractor": 0,
      "PM": 164,
      "Travel Labor": 94.5,
      "Uncategorized": 0
    }
  },
  {
    "id": "p_69",
    "projectNumber": "2511-RP",
    "projectName": "Rushtown Poultry",
    "customer": "Brecknock Builders LLC",
    "status": "Bid Submitted",
    "sales": 726206.35,
    "cost": 553638.08,
    "hours": 3609.5,
    "laborSales": 184215.65,
    "laborCost": 138508,
    "quantity": 29638.92,
    "estimator": "Swinehart Shelly",
    "dateCreated": "2025-11-20T05:00:00.000Z",
    "archived": false,
    "active": false,
    "pmcBreakdown": {
      "Part": 0,
      "Slab On Grade Labor": 2460,
      "Travel Labor": 978.5,
      "Subcontractor": 0,
      "PM": 86,
      "Site Concrete Labor": 85
    }
  },
  {
    "id": "p_20",
    "projectNumber": "(blank)",
    "projectName": "Messiah Lifeways Fernecrest Apartments",
    "customer": "Benchmark Construction Co., Inc.",
    "status": "Bid Submitted",
    "sales": 710381.22,
    "cost": 544561.06,
    "hours": 4005,
    "laborSales": 225137.08,
    "laborCost": 166768.2,
    "quantity": 69964.4,
    "estimator": "Stoltzfus Jr Isaac",
    "dateCreated": "2026-01-23T05:00:00.000Z",
    "archived": false,
    "active": false,
    "pmcBreakdown": {
      "Subcontractor": 0,
      "Part": 0,
      "Foundation Labor": 1974,
      "Slab On Grade Labor": 530,
      "Travel Labor": 711,
      "Site Concrete Labor": 482,
      "Wall Labor": 170,
      "PM": 138,
      "Equipment": 0
    }
  },
  {
    "id": "p_90",
    "projectNumber": "2508 - GI",
    "projectName": "Giant Food Store #6582",
    "customer": "A & E Construction, Inc.",
    "status": "Lost",
    "sales": 680542.1,
    "cost": 517305.43,
    "hours": 4173,
    "laborSales": 217494.46,
    "laborCost": 161107,
    "quantity": 122642.14,
    "estimator": "Stoltzfus Jr Isaac",
    "dateCreated": "2025-10-30T04:00:00.000Z",
    "archived": false,
    "active": false,
    "pmcBreakdown": {
      "Part": 0,
      "Slab On Grade Labor": 1997,
      "Subcontractor": 0,
      "Foundation Labor": 774,
      "Site Concrete Labor": 869,
      "Travel Labor": 384,
      "PM": 149,
      "Equipment": 0
    }
  },
  {
    "id": "p_93",
    "projectNumber": "2508 - GI",
    "projectName": "Giant Food Store",
    "customer": "Lynmar Builders",
    "status": "Lost",
    "sales": 680542.1,
    "cost": 517305.43,
    "hours": 4173,
    "laborSales": 217494.46,
    "laborCost": 161107,
    "quantity": 122642.14,
    "estimator": "Stoltzfus Jr Isaac",
    "dateCreated": "2025-10-30T04:00:00.000Z",
    "archived": false,
    "active": false,
    "pmcBreakdown": {
      "Part": 0,
      "Slab On Grade Labor": 1997,
      "Subcontractor": 0,
      "Foundation Labor": 774,
      "Site Concrete Labor": 869,
      "Travel Labor": 384,
      "PM": 149,
      "Equipment": 0
    }
  },
  {
    "id": "p_139",
    "projectNumber": "2508 - GI",
    "projectName": "Giant Food Store",
    "customer": "Speedwell Construction Inc.",
    "status": "Lost",
    "sales": 680542.1,
    "cost": 517305.43,
    "hours": 4173,
    "laborSales": 217494.46,
    "laborCost": 161107,
    "quantity": 122642.14,
    "estimator": "Stoltzfus Jr Isaac",
    "dateCreated": "2025-09-18T04:00:00.000Z",
    "archived": false,
    "active": false,
    "pmcBreakdown": {
      "Part": 0,
      "Slab On Grade Labor": 1997,
      "Subcontractor": 0,
      "Foundation Labor": 774,
      "Site Concrete Labor": 869,
      "Travel Labor": 384,
      "PM": 149,
      "Equipment": 0
    }
  },
  {
    "id": "p_94",
    "projectNumber": "2508 - GI",
    "projectName": "Giant #6582",
    "customer": "Ames Construction, Inc.",
    "status": "In Progress",
    "sales": 660636.05,
    "cost": 503069.02,
    "hours": 3756,
    "laborSales": 195804.01,
    "laborCost": 145040,
    "quantity": 121175.73,
    "estimator": "Stoltzfus Jr Isaac",
    "dateCreated": "2025-10-29T04:00:00.000Z",
    "archived": false,
    "active": true,
    "pmcBreakdown": {
      "Part": 0,
      "Slab On Grade Labor": 1702,
      "Subcontractor": 0,
      "Site Concrete Labor": 799,
      "Foundation Labor": 774,
      "Travel Labor": 345,
      "PM": 136,
      "Equipment": 0
    }
  },
  {
    "id": "p_214",
    "projectNumber": "2506-SDMB",
    "projectName": "Shank Door Main Building",
    "customer": "Hoover Building Specialists, Inc.",
    "status": "In Progress",
    "sales": 657116.01,
    "cost": 497387.12,
    "hours": 2690.41,
    "laborSales": 137394.14,
    "laborCost": 103303.85,
    "quantity": 12807.46,
    "estimator": "Swinehart Shelly",
    "dateCreated": "2025-06-23T04:00:00.000Z",
    "archived": false,
    "active": true,
    "pmcBreakdown": {
      "Part": 0,
      "Slab On Grade Labor": 1694,
      "Travel Labor": 562.6,
      "Subcontractor": 0,
      "Site Concrete Labor": 364.5,
      "PM": 69.31000000000002
    }
  },
  {
    "id": "p_236",
    "projectNumber": "2505-RA",
    "projectName": "Rockvale Apartments",
    "customer": "Fernmoor Homes",
    "status": "Bid Submitted",
    "sales": 633824.2,
    "cost": 485716.08,
    "hours": 4640,
    "laborSales": 237851.92,
    "laborCost": 178836,
    "quantity": 87257.48,
    "estimator": "Stoltzfus Jr Isaac",
    "dateCreated": "2025-05-14T04:00:00.000Z",
    "archived": false,
    "active": false,
    "pmcBreakdown": {
      "Part": 0,
      "Wall Labor": 2372,
      "Slab On Grade Labor": 980,
      "Subcontractor": 0,
      "Foundation Labor": 768,
      "Site Concrete Labor": 300,
      "PM": 148,
      "Equipment": 0,
      "Travel Labor": 72
    }
  },
  {
    "id": "p_49",
    "projectNumber": "(blank)",
    "projectName": "Complete Recycling Group",
    "customer": "DML Poured Walls",
    "status": "Bid Submitted",
    "sales": 620038.14,
    "cost": 475184.15,
    "hours": 1549,
    "laborSales": 78842.28,
    "laborCost": 59729,
    "quantity": 116565.22,
    "estimator": "Stoltzfus Jr Isaac",
    "dateCreated": "2025-12-22T05:00:00.000Z",
    "archived": false,
    "active": false,
    "pmcBreakdown": {
      "Part": 0,
      "Slab On Grade Labor": 1118,
      "Subcontractor": 0,
      "Travel Labor": 285,
      "Site Concrete Labor": 95,
      "Equipment": 0,
      "PM": 51
    }
  },
  {
    "id": "p_276",
    "projectNumber": "WG-25-001",
    "projectName": "Willow Grove Site",
    "customer": "CBG Building Company",
    "status": "Bid Submitted",
    "sales": 612636.28,
    "cost": 470630.6,
    "hours": 4817,
    "laborSales": 254010.33,
    "laborCost": 185409,
    "quantity": 121834.89,
    "estimator": "Stoltzfus Jr Isaac",
    "dateCreated": "2025-03-19T04:00:00.000Z",
    "archived": false,
    "active": true,
    "pmcBreakdown": {
      "Subcontractor": 0,
      "Part": 0,
      "Site Concrete Labor": 2494,
      "Stone Grading Labor": 500,
      "Travel Labor": 1189,
      "Equipment": 0,
      "Slab On Grade Labor": 315,
      "Excavation And Backfill Labor": 180,
      "PM": 139
    }
  },
  {
    "id": "p_1",
    "projectNumber": "(blank)",
    "projectName": "Complete Recycling Group",
    "customer": "Wynstride",
    "status": "Bid Submitted",
    "sales": 596195.12,
    "cost": 449725.95,
    "hours": 1421,
    "laborSales": 73953,
    "laborCost": 54780,
    "quantity": 116422.22,
    "estimator": "Stoltzfus Jr Isaac",
    "dateCreated": "2026-02-18T05:00:00.000Z",
    "archived": false,
    "active": false,
    "pmcBreakdown": {
      "Part": 0,
      "Slab On Grade Labor": 1018,
      "Subcontractor": 0,
      "Travel Labor": 262,
      "Site Concrete Labor": 95,
      "Equipment": 0,
      "PM": 46
    }
  },
  {
    "id": "p_125",
    "projectNumber": "2509 - SFMS",
    "projectName": "Stevens Feed Mill Schoeneck",
    "customer": "Hoover Building Specialists, Inc.",
    "status": "In Progress",
    "sales": 588622.3,
    "cost": 446215.28,
    "hours": 4111.5,
    "laborSales": 210431.32,
    "laborCost": 158219,
    "quantity": 19585.86,
    "estimator": "Steffy Rick",
    "dateCreated": "2025-09-29T04:00:00.000Z",
    "archived": false,
    "active": true,
    "pmcBreakdown": {
      "Part": 0,
      "Slab On Grade Labor": 2114,
      "Site Concrete Labor": 1210,
      "Travel Labor": 666.5,
      "Subcontractor": 0,
      "Equipment": 0,
      "PM": 121
    }
  },
  {
    "id": "p_41",
    "projectNumber": "(blank)",
    "projectName": "Cornwall Manor Woods Campus Apartments",
    "customer": "Funk Construction",
    "status": "Bid Submitted",
    "sales": 588235.51,
    "cost": 478540.73,
    "hours": 2135,
    "laborSales": 111464.81,
    "laborCost": 82566.5,
    "quantity": 36461.25,
    "estimator": "Stoltzfus Jr Isaac",
    "dateCreated": "2025-12-31T05:00:00.000Z",
    "archived": false,
    "active": false,
    "pmcBreakdown": {
      "Subcontractor": 0,
      "Part": 0,
      "Slab On Grade Labor": 696,
      "Foundation Labor": 1026,
      "Travel Labor": 328.5,
      "PM": 84.5,
      "Equipment": 0
    }
  },
  {
    "id": "p_136",
    "projectNumber": "2509 - FCAB",
    "projectName": "Fellowship Community - IL Apartment Building",
    "customer": "Benchmark Construction Co., Inc.",
    "status": "Bid Submitted",
    "sales": 568192.5,
    "cost": 430616.11,
    "hours": 5563.27,
    "laborSales": 283677.13,
    "laborCost": 213291.09,
    "quantity": 73281.12,
    "estimator": "Steffy Rick",
    "dateCreated": "2025-09-18T04:00:00.000Z",
    "archived": false,
    "active": false,
    "pmcBreakdown": {
      "Part": 0,
      "Slab On Grade Labor": 2052,
      "Foundation Labor": 981.6800000000001,
      "Travel Labor": 2119.600000000001,
      "Site Concrete Labor": 299,
      "Subcontractor": 0,
      "Equipment": 0,
      "PM": 110.99000000000001
    }
  },
  {
    "id": "p_148",
    "projectNumber": "2508 - MOWPR",
    "projectName": "Mercedes of Wilmington PR",
    "customer": "Paul Risk Construction",
    "status": "Bid Submitted",
    "sales": 559445.88,
    "cost": 428040.48,
    "hours": 3394.65,
    "laborSales": 174602.79,
    "laborCost": 130300.59,
    "quantity": 59634.38,
    "estimator": "Steffy Rick",
    "dateCreated": "2025-09-08T04:00:00.000Z",
    "archived": false,
    "active": false,
    "pmcBreakdown": {
      "Part": 0,
      "Slab On Grade Labor": 1304,
      "Foundation Labor": 853.48,
      "Travel Labor": 824,
      "Subcontractor": 0,
      "Site Concrete Labor": 330,
      "PM": 83.17,
      "Equipment": 0
    }
  },
  {
    "id": "p_174",
    "projectNumber": "2508 - MOW",
    "projectName": "Mercedes of Wilmington",
    "customer": "C. Raymond Davis & Sons, Inc.",
    "status": "Bid Submitted",
    "sales": 559445.88,
    "cost": 428040.48,
    "hours": 3394.65,
    "laborSales": 174602.79,
    "laborCost": 130300.59,
    "quantity": 59634.38,
    "estimator": "Steffy Rick",
    "dateCreated": "2025-08-14T04:00:00.000Z",
    "archived": false,
    "active": false,
    "pmcBreakdown": {
      "Part": 0,
      "Slab On Grade Labor": 1304,
      "Foundation Labor": 853.48,
      "Travel Labor": 824,
      "Subcontractor": 0,
      "Site Concrete Labor": 330,
      "PM": 83.17,
      "Equipment": 0
    }
  },
  {
    "id": "p_326",
    "projectNumber": "PS - 24 - 001",
    "projectName": "Poplar Square Apartment Building",
    "customer": "Heck Construction",
    "status": "Lost",
    "sales": 548822.67,
    "cost": 437382.27,
    "hours": 1609.5,
    "laborSales": 77698.19,
    "laborCost": 59311.5,
    "quantity": 62906.72,
    "estimator": "Stoltzfus Jr Isaac",
    "dateCreated": "2024-12-06T05:00:00.000Z",
    "archived": false,
    "active": false,
    "pmcBreakdown": {
      "Part": 0,
      "Subcontractor": 0,
      "1. Labor": 590,
      "Foundation Labor": 551,
      "Labor": 225,
      "PM": 111.5,
      "Travel Labor": 122,
      "Equipment": 0,
      "Wall Labor": 10
    }
  },
  {
    "id": "p_216",
    "projectNumber": "2506 - PV",
    "projectName": "Piazza Volkswagen",
    "customer": "Speedwell Construction Inc.",
    "status": "Lost",
    "sales": 512918.34,
    "cost": 342080.27,
    "hours": 3069.62,
    "laborSales": 180043.61,
    "laborCost": 117937.9,
    "quantity": 36965.07,
    "estimator": "Steffy Rick",
    "dateCreated": "2025-06-18T04:00:00.000Z",
    "archived": false,
    "active": false,
    "pmcBreakdown": {
      "Part": 0,
      "Site Concrete Labor": 673.6,
      "Wall Labor": 317,
      "Slab On Grade Labor": 792,
      "Travel Labor": 644.9999999999995,
      "Foundation Labor": 566,
      "Subcontractor": 0,
      "PM": 76.02,
      "Equipment": 0
    }
  },
  {
    "id": "p_222",
    "projectNumber": "2506-OS",
    "projectName": "Orchard Square 2",
    "customer": "Caritas Construction",
    "status": "Bid Submitted",
    "sales": 507728.3,
    "cost": 385188.43,
    "hours": 3058.5,
    "laborSales": 156803.69,
    "laborCost": 117897.5,
    "quantity": 69954.05,
    "estimator": "Stoltzfus Jr Isaac",
    "dateCreated": "2025-06-06T04:00:00.000Z",
    "archived": false,
    "active": false,
    "pmcBreakdown": {
      "Part": 0,
      "Slab On Grade Labor": 790,
      "Foundation Labor": 1011,
      "Site Concrete Labor": 360,
      "Travel Labor": 799,
      "Subcontractor": 0,
      "PM": 98.5,
      "Equipment": 0
    }
  },
  {
    "id": "p_109",
    "projectNumber": "2510 - FBA",
    "projectName": "Farmer Boy Ag",
    "customer": "J.E. Horst Building and Remodeling",
    "status": "Bid Submitted",
    "sales": 480860.95,
    "cost": 362231.7,
    "hours": 1566.5,
    "laborSales": 80086.62,
    "laborCost": 60215.5,
    "quantity": 96705.36,
    "estimator": "Steffy Rick",
    "dateCreated": "2025-10-10T04:00:00.000Z",
    "archived": false,
    "active": false,
    "pmcBreakdown": {
      "Part": 0,
      "Slab On Grade Labor": 1126,
      "Travel Labor": 340,
      "Subcontractor": 0,
      "Site Concrete Labor": 60,
      "PM": 40.5
    }
  },
  {
    "id": "p_201",
    "projectNumber": "2507 - TRMC",
    "projectName": "The Residences At Mill Creek",
    "customer": "Groffdale Concrete Walls",
    "status": "Bid Submitted",
    "sales": 460994.37,
    "cost": 343501.32,
    "hours": 4668.74,
    "laborSales": 247001.36,
    "laborCost": 184497.3,
    "quantity": 96662.59,
    "estimator": "Steffy Rick",
    "dateCreated": "2025-07-15T04:00:00.000Z",
    "archived": false,
    "active": false,
    "pmcBreakdown": {
      "Part": 0,
      "Travel Labor": 1746.1999999999998,
      "Slab On Grade Labor": 2744,
      "welder": 90,
      "Subcontractor": 0,
      "PM": 88.53999999999999
    }
  },
  {
    "id": "p_189",
    "projectNumber": "2508-PP",
    "projectName": "Piazza Porsche",
    "customer": "Paul Risk Construction",
    "status": "Bid Submitted",
    "sales": 460502.03,
    "cost": 346911.34,
    "hours": 3558.37,
    "laborSales": 182955.83,
    "laborCost": 136534.19,
    "quantity": 51440.7,
    "estimator": "Steffy Rick",
    "dateCreated": "2025-08-04T04:00:00.000Z",
    "archived": false,
    "active": false,
    "pmcBreakdown": {
      "Part": 0,
      "Foundation Labor": 1764.8799999999999,
      "Slab On Grade Labor": 648,
      "Travel Labor": 957.5999999999998,
      "Subcontractor": 0,
      "Site Concrete Labor": 104,
      "PM": 83.89,
      "Equipment": 0
    }
  },
  {
    "id": "p_230",
    "projectNumber": "2505-AH",
    "projectName": "Ardmore House II",
    "customer": "Harkins Builders",
    "status": "Lost",
    "sales": 448961.29,
    "cost": 369210.28,
    "hours": 1788,
    "laborSales": 106056.9,
    "laborCost": 79742,
    "quantity": 21150.01,
    "estimator": "Stoltzfus Jr Isaac",
    "dateCreated": "2025-05-22T04:00:00.000Z",
    "archived": false,
    "active": false,
    "pmcBreakdown": {
      "Subcontractor": 0,
      "Part": 0,
      "Excavation And Backfill Labor": 341,
      "Slab On Grade Labor": 260,
      "Stone Grading Labor": 140,
      "Foundation Labor": 448,
      "Travel Labor": 449,
      "Equipment": 0,
      "Wall Labor": 37,
      "Site Concrete Labor": 58,
      "PM": 55
    }
  },
  {
    "id": "p_266",
    "projectNumber": "SHF - 25 - 001",
    "projectName": "Stable Hollow Facility",
    "customer": "Professional Design & Construction, LLC",
    "status": "Bid Submitted",
    "sales": 446194.32,
    "cost": 337368.82,
    "hours": 3118.55,
    "laborSales": 163201.63,
    "laborCost": 122707.98,
    "quantity": 57881.6,
    "estimator": "Steffy Rick",
    "dateCreated": "2025-04-04T04:00:00.000Z",
    "archived": false,
    "active": false,
    "pmcBreakdown": {
      "Part": 0,
      "Foundation Labor": 1427,
      "Slab On Grade Labor": 916,
      "PM": 247.23999999999998,
      "Site Concrete Labor": 186.51,
      "Subcontractor": 0,
      "Travel Labor": 341.79999999999995
    }
  },
  {
    "id": "p_4",
    "projectNumber": "(blank)",
    "projectName": "Giant #6459",
    "customer": "Ames Construction, Inc.",
    "status": "Estimating",
    "sales": 439141.42,
    "cost": 417258.4,
    "hours": 2409,
    "laborSales": 204772.19,
    "laborCost": 195021.1,
    "quantity": 83923.84,
    "estimator": "Stoltzfus Jr Isaac",
    "dateCreated": "2026-02-13T05:00:00.000Z",
    "archived": false,
    "active": false,
    "pmcBreakdown": {
      "Part": 0,
      "Slab On Grade Labor": 1310,
      "Foundation Labor": 663,
      "Travel Labor": 297,
      "Subcontractor": 0,
      "Site Concrete Labor": 60,
      "PM": 79,
      "Equipment": 0
    }
  },
  {
    "id": "p_270",
    "projectNumber": "MAPS - 25 - 001",
    "projectName": "Middletown Area Primary School",
    "customer": "CH+N Site",
    "status": "In Progress",
    "sales": 423472.18,
    "cost": 318400.18,
    "hours": 3313.79,
    "laborSales": 230931.17,
    "laborCost": 173632.5,
    "quantity": 8483.8,
    "estimator": "Steffy Rick",
    "dateCreated": "2025-03-27T04:00:00.000Z",
    "archived": false,
    "active": true,
    "pmcBreakdown": {
      "Site Concrete Labor": 2608.86,
      "Part": 0,
      "Travel Labor": 540.0000000000001,
      "PM": 74.05000000000001,
      "Wall Labor": 49.92,
      "Foundation Labor": 40.96
    }
  },
  {
    "id": "p_63",
    "projectNumber": "2506-LA",
    "projectName": "Lancaster Archery",
    "customer": "Weaver Construction",
    "status": "Bid Submitted",
    "sales": 417950.49,
    "cost": 307765.05,
    "hours": 2478,
    "laborSales": 133721.7,
    "laborCost": 95515.5,
    "quantity": 47017.26,
    "estimator": "Stoltzfus Jr Isaac",
    "dateCreated": "2025-11-28T05:00:00.000Z",
    "archived": false,
    "active": false,
    "pmcBreakdown": {
      "Part": 0,
      "Wall Labor": 880,
      "Subcontractor": 0,
      "Foundation Labor": 799,
      "Slab On Grade Labor": 530,
      "Travel Labor": 189.5,
      "PM": 79.5,
      "Equipment": 0
    }
  },
  {
    "id": "p_258",
    "projectNumber": "SDS-25-001",
    "projectName": "Shank Door Site",
    "customer": "Hoover Building Specialists, Inc.",
    "status": "In Progress",
    "sales": 416197.59,
    "cost": 312930.53,
    "hours": 1471.9,
    "laborSales": 75253.54,
    "laborCost": 56581.6,
    "quantity": 9780.49,
    "estimator": "Swinehart Shelly",
    "dateCreated": "2025-04-09T04:00:00.000Z",
    "archived": false,
    "active": true,
    "pmcBreakdown": {
      "Part": 0,
      "Site Concrete Labor": 1091,
      "Travel Labor": 318.69999999999993,
      "PM": 38.2,
      "Foundation Labor": 24
    }
  },
  {
    "id": "p_14",
    "projectNumber": "(blank)",
    "projectName": "Valley Storage Lititz Springs",
    "customer": "Storage Construction",
    "status": "Bid Submitted",
    "sales": 403077.36,
    "cost": 275613.34,
    "hours": 2214.5,
    "laborSales": 191594.95,
    "laborCost": 93460.94,
    "quantity": 59013.48,
    "estimator": "Steffy Rick",
    "dateCreated": "2026-01-30T05:00:00.000Z",
    "archived": false,
    "active": false,
    "pmcBreakdown": {
      "Foundation Labor": 861,
      "Part": 0,
      "Slab On Grade Labor": 948,
      "Travel Labor": 261,
      "Wall Labor": 51,
      "Subcontractor": 0,
      "PM": 93.5,
      "Equipment": 0
    }
  },
  {
    "id": "p_207",
    "projectNumber": "2506 - WH",
    "projectName": "WaWa #8191 Hummelstown Ames",
    "customer": "Ames Construction, Inc.",
    "status": "Bid Submitted",
    "sales": 399730.41,
    "cost": 304083.39,
    "hours": 2933.8,
    "laborSales": 148422,
    "laborCost": 112440.9,
    "quantity": 43315.9,
    "estimator": "Steffy Rick",
    "dateCreated": "2025-07-02T04:00:00.000Z",
    "archived": false,
    "active": false,
    "pmcBreakdown": {
      "Part": 0,
      "Site Concrete Labor": 989.8199999999999,
      "Slab On Grade Labor": 408,
      "Foundation Labor": 987.6800000000001,
      "Subcontractor": 0,
      "Travel Labor": 468.7999999999999,
      "PM": 79.50000000000006
    }
  },
  {
    "id": "p_195",
    "projectNumber": "2507-BS",
    "projectName": "Broadcasting District Site",
    "customer": "CH+N Site",
    "status": "In Progress",
    "sales": 398870.9,
    "cost": 301173.44,
    "hours": 6384,
    "laborSales": 0,
    "laborCost": 0,
    "quantity": 110852.41,
    "estimator": "Stoltzfus Jr Isaac",
    "dateCreated": "2025-07-23T04:00:00.000Z",
    "archived": false,
    "active": true,
    "pmcBreakdown": {
      "Part": 0,
      "Subcontractor": 0,
      "PM": 205,
      "Travel Labor": 881,
      "Site Concrete Labor": 4818,
      "Foundation Labor": 480
    }
  },
  {
    "id": "p_316",
    "projectNumber": "PESB - 24-001",
    "projectName": "Paradise Energy Solutions Building",
    "customer": "Hoover Building Specialists, Inc.",
    "status": "Bid Submitted",
    "sales": 390013.93,
    "cost": 294802.32,
    "hours": 1837,
    "laborSales": 90053.71,
    "laborCost": 67709.5,
    "quantity": 5557.31,
    "estimator": "Steffy Rick",
    "dateCreated": "2024-12-31T05:00:00.000Z",
    "archived": false,
    "active": false,
    "pmcBreakdown": {
      "Part": 0,
      "1. Labor": 1531,
      "PM": 128,
      "Travel Labor": 178,
      "Subcontractor": 0
    }
  },
  {
    "id": "p_135",
    "projectNumber": "2509 - BT",
    "projectName": "Burkholder Tractor",
    "customer": "Hoover Building Specialists, Inc.",
    "status": "In Progress",
    "sales": 379839.36,
    "cost": 277390.13,
    "hours": 1532.49,
    "laborSales": 80313.05,
    "laborCost": 58234.62,
    "quantity": 5088.94,
    "estimator": "Steffy Rick",
    "dateCreated": "2025-09-23T04:00:00.000Z",
    "archived": false,
    "active": true,
    "pmcBreakdown": {
      "Part": 0,
      "Slab On Grade Labor": 704,
      "Site Concrete Labor": 429.6,
      "Travel Labor": 287.4,
      "Subcontractor": 0,
      "PM": 95.49,
      "Wall Labor": 16
    }
  },
  {
    "id": "p_212",
    "projectNumber": "2506 - TH",
    "projectName": "Tel Hai Health Center",
    "customer": "Warfel Construction",
    "status": "In Progress",
    "sales": 374456.04,
    "cost": 290770.81,
    "hours": 1747.5,
    "laborSales": 94649.12,
    "laborCost": 72040.5,
    "quantity": 62289.05,
    "estimator": "Stoltzfus Jr Isaac",
    "dateCreated": "2025-06-26T04:00:00.000Z",
    "archived": false,
    "active": true,
    "pmcBreakdown": {
      "Part": 0,
      "Uncategorized": 0,
      "Slab On Grade Labor": 1201,
      "Stone Grading Labor": 255,
      "Subcontractor": 0,
      "Site Concrete Labor": 70,
      "Travel Labor": 165,
      "Equipment": 0,
      "PM": 56.5
    }
  },
  {
    "id": "p_253",
    "projectNumber": "(blank)",
    "projectName": "Millersville Apartments",
    "customer": "Metropolitan Companies",
    "status": "Lost",
    "sales": 362689.33,
    "cost": 275321.98,
    "hours": 2263.54,
    "laborSales": 116193.23,
    "laborCost": 87363.3,
    "quantity": 57508.74,
    "estimator": "Stoltzfus Jr Isaac",
    "dateCreated": "2025-04-14T04:00:00.000Z",
    "archived": false,
    "active": false,
    "pmcBreakdown": {
      "Part": 0,
      "Wall Labor": 710,
      "Foundation Labor": 606,
      "Slab On Grade Labor": 660,
      "Subcontractor": 0,
      "Travel Labor": 208.2,
      "PM": 79.34,
      "Equipment": 0
    }
  },
  {
    "id": "p_334",
    "projectNumber": "12345",
    "projectName": "Sandbox Test Project",
    "customer": "(blank)",
    "status": "Estimating",
    "sales": 351161.14,
    "cost": 351161.14,
    "hours": 190.79,
    "laborSales": 19079.54,
    "laborCost": 19079.54,
    "quantity": 11418.77,
    "estimator": "Stoltzfus Levi",
    "dateCreated": "2024-10-07T04:00:00.000Z",
    "archived": false,
    "active": false,
    "pmcBreakdown": {}
  },
  {
    "id": "p_45",
    "projectNumber": "(blank)",
    "projectName": "L&L Marketplace",
    "customer": "J.E. Horst Building and Remodeling",
    "status": "Bid Submitted",
    "sales": 344922.68,
    "cost": 257870.56,
    "hours": 2117.9,
    "laborSales": 109667.27,
    "laborCost": 81235,
    "quantity": 46259.75,
    "estimator": "Steffy Rick",
    "dateCreated": "2025-12-29T05:00:00.000Z",
    "archived": false,
    "active": false,
    "pmcBreakdown": {
      "Part": 0,
      "Site Concrete Labor": 456,
      "Slab On Grade Labor": 849,
      "Travel Labor": 768.5,
      "Subcontractor": 0,
      "PM": 44.4
    }
  },
  {
    "id": "p_237",
    "projectNumber": "WWS-25-001",
    "projectName": "Weiler Walls",
    "customer": "Hoover Building Specialists, Inc.",
    "status": "Bid Submitted",
    "sales": 344756.56,
    "cost": 260186.4,
    "hours": 1662.93,
    "laborSales": 84738.39,
    "laborCost": 63713.05,
    "quantity": 7721.71,
    "estimator": "Swinehart Shelly",
    "dateCreated": "2025-05-13T04:00:00.000Z",
    "archived": false,
    "active": false,
    "pmcBreakdown": {
      "Part": 0,
      "Slab On Grade Labor": 784,
      "Site Concrete Labor": 571,
      "Travel Labor": 261.8,
      "Subcontractor": 0,
      "PM": 46.129999999999995
    }
  },
  {
    "id": "p_262",
    "projectNumber": "MH-25-001",
    "projectName": "Meadows Hybrid Homes Buildings 1 &2",
    "customer": "Benchmark Construction Co., Inc.",
    "status": "Lost",
    "sales": 323455.84,
    "cost": 245083.29,
    "hours": 2006,
    "laborSales": 104277.34,
    "laborCost": 78404,
    "quantity": 41982.85,
    "estimator": "Stoltzfus Jr Isaac",
    "dateCreated": "2025-04-07T04:00:00.000Z",
    "archived": false,
    "active": false,
    "pmcBreakdown": {
      "Part": 0,
      "Foundation Labor": 898,
      "Slab On Grade Labor": 730,
      "Site Concrete Labor": 104,
      "Subcontractor": 0,
      "PM": 128,
      "Travel Labor": 146,
      "Equipment": 0
    }
  },
  {
    "id": "p_264",
    "projectNumber": "MH-25-001",
    "projectName": "Meadows Hybrid Homes Buildings 1 &2",
    "customer": "EGStoltzfus Commercial Construction",
    "status": "Lost",
    "sales": 323455.84,
    "cost": 245083.29,
    "hours": 2006,
    "laborSales": 104277.34,
    "laborCost": 78404,
    "quantity": 41982.85,
    "estimator": "Stoltzfus Jr Isaac",
    "dateCreated": "2025-04-07T04:00:00.000Z",
    "archived": false,
    "active": false,
    "pmcBreakdown": {
      "Part": 0,
      "Foundation Labor": 898,
      "Slab On Grade Labor": 730,
      "Site Concrete Labor": 104,
      "Subcontractor": 0,
      "PM": 128,
      "Travel Labor": 146,
      "Equipment": 0
    }
  },
  {
    "id": "p_265",
    "projectNumber": "MH-25-001",
    "projectName": "Meadows Hybrid Homes Buildings 1 &2",
    "customer": "High Construction Company",
    "status": "Lost",
    "sales": 323455.84,
    "cost": 245083.29,
    "hours": 2006,
    "laborSales": 104277.34,
    "laborCost": 78404,
    "quantity": 41982.85,
    "estimator": "Stoltzfus Jr Isaac",
    "dateCreated": "2025-04-07T04:00:00.000Z",
    "archived": false,
    "active": false,
    "pmcBreakdown": {
      "Part": 0,
      "Foundation Labor": 898,
      "Slab On Grade Labor": 730,
      "Site Concrete Labor": 104,
      "Subcontractor": 0,
      "PM": 128,
      "Travel Labor": 146,
      "Equipment": 0
    }
  },
  {
    "id": "p_267",
    "projectNumber": "MH-25-001",
    "projectName": "The Meadows Hybrid Homes Buildings 1 &2",
    "customer": "Warfel Construction",
    "status": "Lost",
    "sales": 323455.84,
    "cost": 245083.29,
    "hours": 2006,
    "laborSales": 104277.34,
    "laborCost": 78404,
    "quantity": 41982.85,
    "estimator": "Stoltzfus Jr Isaac",
    "dateCreated": "2025-04-04T04:00:00.000Z",
    "archived": false,
    "active": false,
    "pmcBreakdown": {
      "Part": 0,
      "Foundation Labor": 898,
      "Slab On Grade Labor": 730,
      "Site Concrete Labor": 104,
      "Subcontractor": 0,
      "PM": 128,
      "Travel Labor": 146,
      "Equipment": 0
    }
  },
  {
    "id": "p_288",
    "projectNumber": "TS-25-001",
    "projectName": "Townplace Suites - Lebanon",
    "customer": "American Construction And Concrete",
    "status": "Lost",
    "sales": 321735.37,
    "cost": 262639.84,
    "hours": 1428,
    "laborSales": 69129.72,
    "laborCost": 52371,
    "quantity": 31900.98,
    "estimator": "Stoltzfus Jr Isaac",
    "dateCreated": "2025-02-20T05:00:00.000Z",
    "archived": false,
    "active": false,
    "pmcBreakdown": {
      "Subcontractor": 0,
      "Part": 0,
      "1. Labor": 542,
      "Foundation Labor": 447,
      "1. Labor Prep": 150,
      "Travel Labor": 203,
      "PM": 86,
      "Equipment": 0
    }
  },
  {
    "id": "p_183",
    "projectNumber": "2508-DS",
    "projectName": "Deihm Services",
    "customer": "Hoover Building Specialists, Inc.",
    "status": "Bid Submitted",
    "sales": 320966.72,
    "cost": 243870.7,
    "hours": 1383.11,
    "laborSales": 70580.38,
    "laborCost": 53067.95,
    "quantity": 7935.32,
    "estimator": "Swinehart Shelly",
    "dateCreated": "2025-08-12T04:00:00.000Z",
    "archived": false,
    "active": false,
    "pmcBreakdown": {
      "Part": 0,
      "Slab On Grade Labor": 830,
      "Site Concrete Labor": 335,
      "Subcontractor": 0,
      "Travel Labor": 179.3,
      "PM": 38.81
    }
  },
  {
    "id": "p_138",
    "projectNumber": "2509-MAR",
    "projectName": "Martin Appliance- Reading",
    "customer": "Hoover Building Specialists, Inc.",
    "status": "Bid Submitted",
    "sales": 318926.11,
    "cost": 242334.25,
    "hours": 1783.7,
    "laborSales": 91095.85,
    "laborCost": 68493.1,
    "quantity": 8183.6,
    "estimator": "Swinehart Shelly",
    "dateCreated": "2025-09-18T04:00:00.000Z",
    "archived": false,
    "active": false,
    "pmcBreakdown": {
      "Part": 0,
      "Slab On Grade Labor": 918,
      "Subcontractor": 0,
      "Site Concrete Labor": 443,
      "Travel Labor": 372.7,
      "PM": 50
    }
  },
  {
    "id": "p_297",
    "projectNumber": "TS-25-001",
    "projectName": "Townplace Suites - Lebanon",
    "customer": "Speedwell Construction Inc.",
    "status": "Lost",
    "sales": 313673.04,
    "cost": 256384.27,
    "hours": 1335.5,
    "laborSales": 65142.66,
    "laborCost": 49350.5,
    "quantity": 30486.18,
    "estimator": "Stoltzfus Jr Isaac",
    "dateCreated": "2025-02-04T05:00:00.000Z",
    "archived": false,
    "active": false,
    "pmcBreakdown": {
      "Subcontractor": 0,
      "Part": 0,
      "1. Labor": 512,
      "Foundation Labor": 383,
      "1. Labor Prep": 150,
      "Travel Labor": 191,
      "PM": 99.5,
      "Equipment": 0
    }
  },
  {
    "id": "p_98",
    "projectNumber": "2510 - SLIGS",
    "projectName": "SLI George Street",
    "customer": "Benchmark Construction Co., Inc.",
    "status": "Bid Submitted",
    "sales": 309646.06,
    "cost": 222316.07,
    "hours": 2121.5,
    "laborSales": 114446.5,
    "laborCost": 81747.5,
    "quantity": 40790.93,
    "estimator": "Steffy Rick",
    "dateCreated": "2025-10-27T04:00:00.000Z",
    "archived": false,
    "active": false,
    "pmcBreakdown": {
      "Part": 0,
      "Wall Labor": 458,
      "Site Concrete Labor": 430,
      "Slab On Grade Labor": 484,
      "Foundation Labor": 453,
      "Travel Labor": 230,
      "Subcontractor": 0,
      "PM": 66.5,
      "Equipment": 0
    }
  },
  {
    "id": "p_66",
    "projectNumber": "2511-CH",
    "projectName": "Chabad House",
    "customer": "C. Raymond Davis & Sons, Inc.",
    "status": "Bid Submitted",
    "sales": 305185.37,
    "cost": 240197.53,
    "hours": 1494.5,
    "laborSales": 82388.04,
    "laborCost": 57614,
    "quantity": 22053.09,
    "estimator": "Stoltzfus Jr Isaac",
    "dateCreated": "2025-11-24T05:00:00.000Z",
    "archived": false,
    "active": true,
    "pmcBreakdown": {
      "Subcontractor": 0,
      "Part": 0,
      "Slab On Grade Labor": 450,
      "Site Concrete Labor": 330,
      "Foundation Labor": 236,
      "Wall Labor": 90,
      "Travel Labor": 339.5,
      "Equipment": 0,
      "PM": 49
    }
  },
  {
    "id": "p_283",
    "projectNumber": "(blank)",
    "projectName": "SPD Jaindl Farms",
    "customer": "IMC Construction",
    "status": "Bid Submitted",
    "sales": 298891.65,
    "cost": 227767.17,
    "hours": 1806,
    "laborSales": 92317.48,
    "laborCost": 67880.5,
    "quantity": 43261.67,
    "estimator": "Stoltzfus Jr Isaac",
    "dateCreated": "2025-03-06T05:00:00.000Z",
    "archived": false,
    "active": false,
    "pmcBreakdown": {
      "Uncategorized": 0,
      "Part": 0,
      "Subcontractor": 0,
      "Wall Labor": 360,
      "Slab On Grade Labor": 288,
      "Excavation And Backfill Labor": 155,
      "Stone Grading Labor": 150,
      "Travel Labor": 483,
      "Foundation Labor": 305,
      "Equipment": 0,
      "PM": 65
    }
  },
  {
    "id": "p_242",
    "projectNumber": "2505-MF",
    "projectName": "Mechanicsburg Volunteer Fire Department",
    "customer": "Centurion Construction Group, LLC",
    "status": "In Progress",
    "sales": 296399.06,
    "cost": 229638.18,
    "hours": 1860.5,
    "laborSales": 126824.9,
    "laborCost": 97557.6,
    "quantity": 33245.81,
    "estimator": "Stoltzfus Jr Isaac",
    "dateCreated": "2025-05-08T04:00:00.000Z",
    "archived": false,
    "active": true,
    "pmcBreakdown": {
      "Uncategorized": 0,
      "Part": 0,
      "Site Concrete Labor": 390,
      "Slab On Grade Labor": 699,
      "Foundation Labor": 391,
      "Subcontractor": 0,
      "Travel Labor": 321.5,
      "PM": 59,
      "Equipment": 0
    }
  },
  {
    "id": "p_227",
    "projectNumber": "2505 - SRBHE",
    "projectName": "Swedesford Road Bear Hill Elementary",
    "customer": "CH+N Site",
    "status": "Bid Submitted",
    "sales": 294673.13,
    "cost": 221558.74,
    "hours": 1713.3,
    "laborSales": 160269.43,
    "laborCost": 120503.34,
    "quantity": 28476.79,
    "estimator": "Steffy Rick",
    "dateCreated": "2025-05-30T04:00:00.000Z",
    "archived": false,
    "active": false,
    "pmcBreakdown": {
      "Site Concrete Labor": 1298.8,
      "Part": 0,
      "Travel Labor": 370.6,
      "PM": 43.900000000000006
    }
  },
  {
    "id": "p_71",
    "projectNumber": "2511 - ABG",
    "projectName": "Arconic B&G",
    "customer": "Warfel Construction",
    "status": "Bid Submitted",
    "sales": 287033.65,
    "cost": 215963.71,
    "hours": 750,
    "laborSales": 40423.6,
    "laborCost": 28874,
    "quantity": 29065.34,
    "estimator": "Steffy Rick",
    "dateCreated": "2025-11-19T05:00:00.000Z",
    "archived": false,
    "active": false,
    "pmcBreakdown": {
      "Part": 0,
      "Slab On Grade Labor": 647,
      "Subcontractor": 0,
      "Travel Labor": 81,
      "PM": 22,
      "Equipment": 0
    }
  },
  {
    "id": "p_194",
    "projectNumber": "2507 - CC",
    "projectName": "Caring Cupboard",
    "customer": "Funk Construction",
    "status": "Bid Submitted",
    "sales": 285565.61,
    "cost": 215338.96,
    "hours": 2284.14,
    "laborSales": 116751.59,
    "laborCost": 87783.15,
    "quantity": 31048.44,
    "estimator": "Steffy Rick",
    "dateCreated": "2025-07-28T04:00:00.000Z",
    "archived": false,
    "active": false,
    "pmcBreakdown": {
      "Part": 0,
      "Site Concrete Labor": 539,
      "Slab On Grade Labor": 434,
      "Foundation Labor": 767.52,
      "Travel Labor": 485.63000000000005,
      "Subcontractor": 0,
      "PM": 57.99000000000001,
      "Equipment": 0
    }
  },
  {
    "id": "p_7",
    "projectNumber": "(blank)",
    "projectName": "Edge Metalworks",
    "customer": "Hoover Building Specialists, Inc.",
    "status": "Bid Submitted",
    "sales": 282454.95,
    "cost": 248499.41,
    "hours": 811,
    "laborSales": 69379.78,
    "laborCost": 65452.63,
    "quantity": 39078.36,
    "estimator": "Swinehart Shelly",
    "dateCreated": "2026-02-10T05:00:00.000Z",
    "archived": false,
    "active": false,
    "pmcBreakdown": {
      "Part": 0,
      "Slab On Grade Labor": 522,
      "Uncategorized": 0,
      "Site Concrete Labor": 167,
      "Subcontractor": 0,
      "Travel Labor": 99,
      "PM": 23
    }
  },
  {
    "id": "p_31",
    "projectNumber": "(blank)",
    "projectName": "Edge Metal Works",
    "customer": "Brecknock Builders LLC",
    "status": "Bid Submitted",
    "sales": 280285.33,
    "cost": 196420.81,
    "hours": 794,
    "laborSales": 87254.31,
    "laborCost": 30508.5,
    "quantity": 40705.53,
    "estimator": "Steffy Rick",
    "dateCreated": "2026-01-15T05:00:00.000Z",
    "archived": false,
    "active": false,
    "pmcBreakdown": {
      "Part": 0,
      "Slab On Grade Labor": 528,
      "Site Concrete Labor": 147,
      "Travel Labor": 97,
      "Subcontractor": 0,
      "Uncategorized": 0,
      "PM": 22
    }
  },
  {
    "id": "p_43",
    "projectNumber": "(blank)",
    "projectName": "Village Farm Market",
    "customer": "Hoover Building Specialists, Inc.",
    "status": "Bid Submitted",
    "sales": 274154.77,
    "cost": 207392.84,
    "hours": 1866.02,
    "laborSales": 95548.94,
    "laborCost": 71841.26,
    "quantity": 6033.76,
    "estimator": "Steffy Rick",
    "dateCreated": "2025-12-30T05:00:00.000Z",
    "archived": false,
    "active": false,
    "pmcBreakdown": {
      "Part": 0,
      "Slab On Grade Labor": 1445.5,
      "Foundation Labor": 72,
      "Site Concrete Labor": 90,
      "Subcontractor": 0,
      "Travel Labor": 201.01999999999998,
      "PM": 57.5
    }
  },
  {
    "id": "p_21",
    "projectNumber": "(blank)",
    "projectName": "Wawa #8213",
    "customer": "Ames Construction, Inc.",
    "status": "Bid Submitted",
    "sales": 265546.15,
    "cost": 193084.07,
    "hours": 1699.5,
    "laborSales": 97658.71,
    "laborCost": 70767.18,
    "quantity": 32009.77,
    "estimator": "Stoltzfus Jr Isaac",
    "dateCreated": "2026-01-22T05:00:00.000Z",
    "archived": false,
    "active": false,
    "pmcBreakdown": {
      "Part": 0,
      "Site Concrete Labor": 563,
      "Slab On Grade Labor": 110,
      "Foundation Labor": 489,
      "Travel Labor": 482,
      "Subcontractor": 0,
      "PM": 55.5
    }
  },
  {
    "id": "p_54",
    "projectNumber": "(blank)",
    "projectName": "Kings Casual",
    "customer": "Hoover Building Specialists, Inc.",
    "status": "Bid Submitted",
    "sales": 264122.33,
    "cost": 199270.35,
    "hours": 821.5,
    "laborSales": 42057.26,
    "laborCost": 31622,
    "quantity": 6442.21,
    "estimator": "Swinehart Shelly",
    "dateCreated": "2025-12-16T05:00:00.000Z",
    "archived": false,
    "active": false,
    "pmcBreakdown": {
      "Part": 0,
      "Slab On Grade Labor": 480,
      "Site Concrete Labor": 228,
      "Subcontractor": 0,
      "Travel Labor": 88.5,
      "PM": 25
    }
  },
  {
    "id": "p_34",
    "projectNumber": "2601 - GSQ",
    "projectName": "Goods Store Quarryville",
    "customer": "Hoover Building Specialists, Inc.",
    "status": "In Progress",
    "sales": 260780.54,
    "cost": 195507.28,
    "hours": 1433.1,
    "laborSales": 74681.62,
    "laborCost": 56151.6,
    "quantity": 3713.9,
    "estimator": "Steffy Rick",
    "dateCreated": "2026-01-12T05:00:00.000Z",
    "archived": false,
    "active": true,
    "pmcBreakdown": {
      "Part": 0,
      "Slab On Grade Labor": 812,
      "Site Concrete Labor": 367,
      "PM": 101.4,
      "Subcontractor": 0,
      "Travel Labor": 152.70000000000002
    }
  },
  {
    "id": "p_274",
    "projectNumber": "PRE-25-001",
    "projectName": "Prestige Painting",
    "customer": "Hoover Building Specialists, Inc.",
    "status": "Bid Submitted",
    "sales": 260773.93,
    "cost": 197070.99,
    "hours": 934.43,
    "laborSales": 44891.94,
    "laborCost": 33753.34,
    "quantity": 5234.06,
    "estimator": "Swinehart Shelly",
    "dateCreated": "2025-03-21T04:00:00.000Z",
    "archived": false,
    "active": false,
    "pmcBreakdown": {
      "Part": 0,
      "Slab On Grade Labor": 670,
      "Subcontractor": 0,
      "Site Concrete Labor": 144,
      "Travel Labor": 92.17999999999999,
      "PM": 28.25
    }
  },
  {
    "id": "p_298",
    "projectNumber": "MW-25-001",
    "projectName": "UGI Middletown Warehouse",
    "customer": "Benchmark Construction Co., Inc.",
    "status": "Complete",
    "sales": 257466.33,
    "cost": 206477.11,
    "hours": 1039,
    "laborSales": 50180.46,
    "laborCost": 38015.5,
    "quantity": 36386.58,
    "estimator": "Stoltzfus Jr Isaac",
    "dateCreated": "2025-02-03T05:00:00.000Z",
    "archived": false,
    "active": true,
    "pmcBreakdown": {
      "Subcontractor": 0,
      "Part": 0,
      "1. Labor": 456,
      "Labor": 112,
      "Wall Labor": 95,
      "Foundation Labor": 185,
      "Travel Labor": 133,
      "Equipment": 0,
      "PM": 58
    }
  },
  {
    "id": "p_46",
    "projectNumber": "(blank)",
    "projectName": "Village at Painters Crossing",
    "customer": "Caritas Construction",
    "status": "Bid Submitted",
    "sales": 253027.98,
    "cost": 191729.17,
    "hours": 2149.5,
    "laborSales": 112704.56,
    "laborCost": 82871,
    "quantity": 41285.76,
    "estimator": "Stoltzfus Jr Isaac",
    "dateCreated": "2025-12-24T05:00:00.000Z",
    "archived": false,
    "active": false,
    "pmcBreakdown": {
      "Part": 0,
      "Wall Labor": 700,
      "Excavation And Backfill Labor": 295,
      "Slab On Grade Labor": 185,
      "Travel Labor": 425.5,
      "Subcontractor": 0,
      "Foundation Labor": 369,
      "Equipment": 0,
      "Stone Grading Labor": 105,
      "PM": 70
    }
  },
  {
    "id": "p_47",
    "projectNumber": "(blank)",
    "projectName": "Village at Painters Crossing",
    "customer": "A & E Construction, Inc.",
    "status": "Bid Submitted",
    "sales": 253027.98,
    "cost": 191729.17,
    "hours": 2149.5,
    "laborSales": 112704.56,
    "laborCost": 82871,
    "quantity": 41285.76,
    "estimator": "Stoltzfus Jr Isaac",
    "dateCreated": "2025-12-22T05:00:00.000Z",
    "archived": false,
    "active": false,
    "pmcBreakdown": {
      "Part": 0,
      "Wall Labor": 700,
      "Excavation And Backfill Labor": 295,
      "Slab On Grade Labor": 185,
      "Travel Labor": 425.5,
      "Subcontractor": 0,
      "Foundation Labor": 369,
      "Equipment": 0,
      "Stone Grading Labor": 105,
      "PM": 70
    }
  },
  {
    "id": "p_87",
    "projectNumber": "2510 - MC3A",
    "projectName": "Memory Care 3A",
    "customer": "CCS Building Group",
    "status": "In Progress",
    "sales": 249004.52,
    "cost": 161811.53,
    "hours": 1863.5,
    "laborSales": 111181.39,
    "laborCost": 71637.5,
    "quantity": 4803.5,
    "estimator": "Steffy Rick",
    "dateCreated": "2025-11-03T05:00:00.000Z",
    "archived": false,
    "active": true,
    "pmcBreakdown": {
      "Site Concrete Labor": 1402.5,
      "Part": 0,
      "Travel Labor": 404.5,
      "Subcontractor": 0,
      "PM": 48.5,
      "Foundation Labor": 8
    }
  },
  {
    "id": "p_58",
    "projectNumber": "(blank)",
    "projectName": "Farmer Boy Ag",
    "customer": "Hoover Building Specialists, Inc.",
    "status": "Bid Submitted",
    "sales": 247211.97,
    "cost": 186588.26,
    "hours": 672.22,
    "laborSales": 34402.31,
    "laborCost": 25866.4,
    "quantity": 5186.06,
    "estimator": "Swinehart Shelly",
    "dateCreated": "2025-12-10T05:00:00.000Z",
    "archived": false,
    "active": false,
    "pmcBreakdown": {
      "Part": 0,
      "Slab On Grade Labor": 460,
      "Subcontractor": 0,
      "Travel Labor": 108.97999999999999,
      "Site Concrete Labor": 83.12,
      "PM": 20.119999999999997
    }
  },
  {
    "id": "p_161",
    "projectNumber": "2508 - LLWE",
    "projectName": "Lanchester Landfill - WAGA Energy",
    "customer": "Berg Construction",
    "status": "Bid Submitted",
    "sales": 242169.03,
    "cost": 181754.77,
    "hours": 1927.36,
    "laborSales": 134957.31,
    "laborCost": 100714.4,
    "quantity": 14600.08,
    "estimator": "Steffy Rick",
    "dateCreated": "2025-08-27T04:00:00.000Z",
    "archived": false,
    "active": false,
    "pmcBreakdown": {
      "Site Concrete Labor": 1564,
      "Part": 0,
      "Travel Labor": 311.20000000000005,
      "Subcontractor": 0,
      "PM": 52.16
    }
  },
  {
    "id": "p_269",
    "projectNumber": "WR-25-001",
    "projectName": "Willow Grove Retail Buildings D & H",
    "customer": "CBG Building Company",
    "status": "Bid Submitted",
    "sales": 238264.59,
    "cost": 185380.34,
    "hours": 1459.5,
    "laborSales": 77289.27,
    "laborCost": 56956,
    "quantity": 23032.12,
    "estimator": "Stoltzfus Jr Isaac",
    "dateCreated": "2025-04-01T04:00:00.000Z",
    "archived": false,
    "active": true,
    "pmcBreakdown": {
      "Part": 0,
      "Subcontractor": 0,
      "Slab On Grade Labor": 380,
      "Travel Labor": 328.5,
      "Foundation Labor": 590,
      "PM": 161,
      "Equipment": 0
    }
  },
  {
    "id": "p_140",
    "projectNumber": "2509 - RS",
    "projectName": "Richmond Square",
    "customer": "Heck Construction",
    "status": "Bid Submitted",
    "sales": 235249.64,
    "cost": 197389.8,
    "hours": 728,
    "laborSales": 37166.2,
    "laborCost": 27944.5,
    "quantity": 13465.02,
    "estimator": "Steffy Rick",
    "dateCreated": "2025-09-16T04:00:00.000Z",
    "archived": false,
    "active": false,
    "pmcBreakdown": {
      "Subcontractor": 0,
      "Part": 0,
      "Slab On Grade Labor": 572,
      "Site Concrete Labor": 82,
      "Travel Labor": 57.5,
      "PM": 16.5,
      "Equipment": 0
    }
  },
  {
    "id": "p_259",
    "projectNumber": "FPB - 25 - 001",
    "projectName": "Fleetwood Polebarns",
    "customer": "(blank)",
    "status": "Bid Submitted",
    "sales": 233241.91,
    "cost": 177142.76,
    "hours": 684.2,
    "laborSales": 35203.94,
    "laborCost": 26271.6,
    "quantity": 2988.9,
    "estimator": "Steffy Rick",
    "dateCreated": "2025-04-09T04:00:00.000Z",
    "archived": false,
    "active": false,
    "pmcBreakdown": {}
  },
  {
    "id": "p_8",
    "projectNumber": "(blank)",
    "projectName": "Moravian Manor Woodlands",
    "customer": "Warfel Construction",
    "status": "Bid Submitted",
    "sales": 225817.4,
    "cost": 202868.93,
    "hours": 1219,
    "laborSales": 102318.7,
    "laborCost": 96527.09,
    "quantity": 65879.14,
    "estimator": "Steffy Rick",
    "dateCreated": "2026-02-09T05:00:00.000Z",
    "archived": false,
    "active": false,
    "pmcBreakdown": {
      "Part": 0,
      "Slab On Grade Labor": 928,
      "Site Concrete Labor": 107,
      "Travel Labor": 148.5,
      "Subcontractor": 0,
      "PM": 35.5
    }
  },
  {
    "id": "p_50",
    "projectNumber": "(blank)",
    "projectName": "Wawa #8236",
    "customer": "Ames Construction, Inc.",
    "status": "Bid Submitted",
    "sales": 225187.88,
    "cost": 166158.39,
    "hours": 1530,
    "laborSales": 79920.4,
    "laborCost": 58765,
    "quantity": 26271.23,
    "estimator": "Stoltzfus Jr Isaac",
    "dateCreated": "2025-12-19T05:00:00.000Z",
    "archived": false,
    "active": false,
    "pmcBreakdown": {
      "Part": 0,
      "Site Concrete Labor": 555,
      "Foundation Labor": 542,
      "Slab On Grade Labor": 110,
      "Travel Labor": 273,
      "Subcontractor": 0,
      "PM": 50
    }
  },
  {
    "id": "p_116",
    "projectNumber": "2510-GC",
    "projectName": "Gateway Church",
    "customer": "Hoover Building Specialists, Inc.",
    "status": "Delayed",
    "sales": 223111.09,
    "cost": 169422.16,
    "hours": 1182.5,
    "laborSales": 60554.91,
    "laborCost": 45530,
    "quantity": 5517.45,
    "estimator": "Swinehart Shelly",
    "dateCreated": "2025-10-07T04:00:00.000Z",
    "archived": false,
    "active": false,
    "pmcBreakdown": {
      "Part": 0,
      "Slab On Grade Labor": 800,
      "Site Concrete Labor": 220,
      "Subcontractor": 0,
      "Equipment": 0,
      "Travel Labor": 127.5,
      "PM": 35
    }
  },
  {
    "id": "p_232",
    "projectNumber": "2505-25",
    "projectName": "Frecon Farms",
    "customer": "Brecknock Builders LLC",
    "status": "Bid Submitted",
    "sales": 220072.53,
    "cost": 167347.61,
    "hours": 1463.5,
    "laborSales": 74996.71,
    "laborCost": 56388.5,
    "quantity": 50956.39,
    "estimator": "Stoltzfus Jr Isaac",
    "dateCreated": "2025-05-19T04:00:00.000Z",
    "archived": false,
    "active": false,
    "pmcBreakdown": {
      "Part": 0,
      "Site Concrete Labor": 511,
      "Slab On Grade Labor": 560,
      "Travel Labor": 346,
      "Subcontractor": 0,
      "PM": 46.5,
      "Equipment": 0
    }
  },
  {
    "id": "p_233",
    "projectNumber": "WBWM - 25 - 001",
    "projectName": "West Building Wolf Movers",
    "customer": "Brecknock Builders LLC",
    "status": "Bid Submitted",
    "sales": 219767.56,
    "cost": 168128.98,
    "hours": 731.53,
    "laborSales": 37057.36,
    "laborCost": 28073.75,
    "quantity": 35489.73,
    "estimator": "Steffy Rick",
    "dateCreated": "2025-05-19T04:00:00.000Z",
    "archived": false,
    "active": false,
    "pmcBreakdown": {
      "Part": 0,
      "Slab On Grade Labor": 552,
      "Subcontractor": 0,
      "Travel Labor": 101.19999999999999,
      "Site Concrete Labor": 58,
      "PM": 20.33
    }
  },
  {
    "id": "p_218",
    "projectNumber": "2506 - FTW",
    "projectName": "Family Treasures Wholesale",
    "customer": "Hoover Building Specialists, Inc.",
    "status": "In Progress",
    "sales": 218222.98,
    "cost": 164860.06,
    "hours": 795.49,
    "laborSales": 40651.4,
    "laborCost": 30564.95,
    "quantity": 4831.9,
    "estimator": "Steffy Rick",
    "dateCreated": "2025-06-17T04:00:00.000Z",
    "archived": false,
    "active": true,
    "pmcBreakdown": {
      "Part": 0,
      "Slab On Grade Labor": 374,
      "Site Concrete Labor": 314,
      "Subcontractor": 0,
      "Foundation Labor": 24,
      "Travel Labor": 59,
      "PM": 24.489999999999995,
      "Uncategorized": 0
    }
  },
  {
    "id": "p_152",
    "projectNumber": "9009",
    "projectName": "FOR_SOP_CREATION",
    "customer": "SOP Inc",
    "status": "Lost",
    "sales": 215144,
    "cost": 176885.67,
    "hours": 434,
    "laborSales": 37107,
    "laborCost": 16492,
    "quantity": 9045,
    "estimator": "Gilmore Todd",
    "dateCreated": "2025-09-03T04:00:00.000Z",
    "archived": false,
    "active": true,
    "pmcBreakdown": {
      "Part": 0,
      "Site Concrete Labor": 312,
      "Slab On Grade Labor": 122
    }
  },
  {
    "id": "p_199",
    "projectNumber": "2507 - LSOB",
    "projectName": "Lime Spring Office Building",
    "customer": "Heck Construction",
    "status": "Bid Submitted",
    "sales": 214153.86,
    "cost": 162609.17,
    "hours": 1301.24,
    "laborSales": 66611.2,
    "laborCost": 50083.6,
    "quantity": 19612.94,
    "estimator": "Steffy Rick",
    "dateCreated": "2025-07-16T04:00:00.000Z",
    "archived": false,
    "active": false,
    "pmcBreakdown": {
      "Part": 0,
      "Slab On Grade Labor": 660,
      "Foundation Labor": 463.4,
      "Subcontractor": 0,
      "Travel Labor": 140.4,
      "PM": 37.44,
      "Equipment": 0
    }
  },
  {
    "id": "p_211",
    "projectNumber": "2506 - WH",
    "projectName": "WaWa #8191 Hummelstown",
    "customer": "Speedwell Construction Inc.",
    "status": "Bid Submitted",
    "sales": 212459.63,
    "cost": 164167.65,
    "hours": 1488.6,
    "laborSales": 75315.18,
    "laborCost": 57056.95,
    "quantity": 21989.98,
    "estimator": "Steffy Rick",
    "dateCreated": "2025-06-30T04:00:00.000Z",
    "archived": false,
    "active": false,
    "pmcBreakdown": {
      "Part": 0,
      "Site Concrete Labor": 515.91,
      "Subcontractor": 0,
      "Slab On Grade Labor": 204,
      "Foundation Labor": 493.84000000000003,
      "Travel Labor": 234.4,
      "PM": 40.449999999999996
    }
  },
  {
    "id": "p_119",
    "projectNumber": "2510 - HPAC",
    "projectName": "Hershey Park Artist Compound",
    "customer": "B.R. Kreider & Son, Inc.",
    "status": "Lost",
    "sales": 211543.51,
    "cost": 148427.63,
    "hours": 1497,
    "laborSales": 83411.26,
    "laborCost": 57525,
    "quantity": 26950.79,
    "estimator": "Steffy Rick",
    "dateCreated": "2025-10-06T04:00:00.000Z",
    "archived": false,
    "active": false,
    "pmcBreakdown": {
      "Part": 0,
      "Site Concrete Labor": 1133,
      "Travel Labor": 324.5,
      "Subcontractor": 0,
      "PM": 39.5,
      "Equipment": 0
    }
  },
  {
    "id": "p_228",
    "projectNumber": "WBWMK - 25 - 001",
    "projectName": "West Building Wolf Movers Keystone",
    "customer": "Keystone Steel Structures",
    "status": "Bid Submitted",
    "sales": 209213.03,
    "cost": 159010.43,
    "hours": 590.8,
    "laborSales": 30243.4,
    "laborCost": 22739.4,
    "quantity": 35321,
    "estimator": "Steffy Rick",
    "dateCreated": "2025-05-27T04:00:00.000Z",
    "archived": false,
    "active": false,
    "pmcBreakdown": {
      "Part": 0,
      "Slab On Grade Labor": 480,
      "Subcontractor": 0,
      "Travel Labor": 63.8,
      "Site Concrete Labor": 30,
      "PM": 17
    }
  },
  {
    "id": "p_272",
    "projectNumber": "DAC - 25 - 001",
    "projectName": "Ducklings Ambassador Circle",
    "customer": "Heck Construction",
    "status": "In Progress",
    "sales": 207371.93,
    "cost": 162864.86,
    "hours": 1341.6,
    "laborSales": 68533.97,
    "laborCost": 51529.3,
    "quantity": 20335.31,
    "estimator": "Steffy Rick",
    "dateCreated": "2025-03-21T04:00:00.000Z",
    "archived": false,
    "active": true,
    "pmcBreakdown": {
      "Subcontractor": 0,
      "Part": 0,
      "Wall Labor": 413.4,
      "Slab On Grade Labor": 248,
      "Foundation Labor": 489.6,
      "Travel Labor": 137.6,
      "PM": 53,
      "Equipment": 0
    }
  },
  {
    "id": "p_89",
    "projectNumber": "2510 - YE",
    "projectName": "Yale Electric",
    "customer": "Keystruct Construction LLC",
    "status": "Bid Submitted",
    "sales": 199851.63,
    "cost": 159544.14,
    "hours": 587,
    "laborSales": 30640.28,
    "laborCost": 22696.5,
    "quantity": 13343.23,
    "estimator": "Steffy Rick",
    "dateCreated": "2025-10-31T04:00:00.000Z",
    "archived": false,
    "active": false,
    "pmcBreakdown": {
      "Subcontractor": 0,
      "Part": 0,
      "Slab On Grade Labor": 204,
      "Foundation Labor": 273,
      "Travel Labor": 63,
      "PM": 24,
      "Site Concrete Labor": 23
    }
  },
  {
    "id": "p_147",
    "projectNumber": "2509 - PA",
    "projectName": "Pro Ag",
    "customer": "Scenic Ridge Construction",
    "status": "Bid Submitted",
    "sales": 190844.91,
    "cost": 154901.11,
    "hours": 726.25,
    "laborSales": 37354.73,
    "laborCost": 28086.25,
    "quantity": 10874.13,
    "estimator": "Steffy Rick",
    "dateCreated": "2025-09-09T04:00:00.000Z",
    "archived": false,
    "active": false,
    "pmcBreakdown": {
      "Subcontractor": 0,
      "Part": 0,
      "Slab On Grade Labor": 240,
      "Travel Labor": 157.5,
      "Foundation Labor": 288,
      "Site Concrete Labor": 12,
      "PM": 28.75
    }
  },
  {
    "id": "p_234",
    "projectNumber": "2505-LA",
    "projectName": "La Petite Academy",
    "customer": "Paul Risk Construction",
    "status": "Bid Submitted",
    "sales": 190792.07,
    "cost": 127130.66,
    "hours": 1159.5,
    "laborSales": 67539.41,
    "laborCost": 44576,
    "quantity": 26299.6,
    "estimator": "Stoltzfus Jr Isaac",
    "dateCreated": "2025-05-15T04:00:00.000Z",
    "archived": false,
    "active": false,
    "pmcBreakdown": {
      "Part": 0,
      "Site Concrete Labor": 525,
      "Slab On Grade Labor": 180,
      "Foundation Labor": 150,
      "Travel Labor": 267,
      "Subcontractor": 0,
      "PM": 37.5,
      "Uncategorized": 0
    }
  },
  {
    "id": "p_260",
    "projectNumber": "BSE - 25 - 001",
    "projectName": "Brookside Enterprise Phase 6",
    "customer": "B.R. Kreider & Son, Inc.",
    "status": "Bid Submitted",
    "sales": 189404.2,
    "cost": 142742.14,
    "hours": 889.33,
    "laborSales": 45970.13,
    "laborCost": 34306.07,
    "quantity": 33805.03,
    "estimator": "Steffy Rick",
    "dateCreated": "2025-04-08T04:00:00.000Z",
    "archived": false,
    "active": false,
    "pmcBreakdown": {
      "Part": 0,
      "Site Concrete Labor": 763.74,
      "Subcontractor": 0,
      "Travel Labor": 95.5,
      "PM": 30.09
    }
  },
  {
    "id": "p_75",
    "projectNumber": "2511 - MCMB",
    "projectName": "Memory Care Meditation Building",
    "customer": "CCS Building Group",
    "status": "In Progress",
    "sales": 188695.03,
    "cost": 140239.32,
    "hours": 1948,
    "laborSales": 101252.04,
    "laborCost": 75001.5,
    "quantity": 11122.39,
    "estimator": "Steffy Rick",
    "dateCreated": "2025-11-13T05:00:00.000Z",
    "archived": false,
    "active": true,
    "pmcBreakdown": {
      "Wall Labor": 1346,
      "Part": 0,
      "Travel Labor": 210.5,
      "Foundation Labor": 245,
      "Slab On Grade Labor": 77,
      "PM": 57.5,
      "Subcontractor": 0,
      "Site Concrete Labor": 12
    }
  },
  {
    "id": "p_95",
    "projectNumber": "2510 - HCC",
    "projectName": "Hanover Community Church",
    "customer": "Conowongo Builders",
    "status": "Lost",
    "sales": 185250.74,
    "cost": 136932.86,
    "hours": 812.53,
    "laborSales": 47889.24,
    "laborCost": 31300.15,
    "quantity": 14533.39,
    "estimator": "Steffy Rick",
    "dateCreated": "2025-10-29T04:00:00.000Z",
    "archived": false,
    "active": false,
    "pmcBreakdown": {
      "Subcontractor": 0,
      "Part": 0,
      "Foundation Labor": 262,
      "Slab On Grade Labor": 288,
      "Travel Labor": 219,
      "Site Concrete Labor": 18,
      "PM": 25.53
    }
  },
  {
    "id": "p_36",
    "projectNumber": "(blank)",
    "projectName": "Wawa #8236",
    "customer": "Speedwell Construction Inc.",
    "status": "Bid Submitted",
    "sales": 182929.02,
    "cost": 135067.32,
    "hours": 1281,
    "laborSales": 66867.12,
    "laborCost": 49167,
    "quantity": 25007.23,
    "estimator": "Stoltzfus Jr Isaac",
    "dateCreated": "2026-01-12T05:00:00.000Z",
    "archived": false,
    "active": false,
    "pmcBreakdown": {
      "Part": 0,
      "Site Concrete Labor": 555,
      "Slab On Grade Labor": 110,
      "Travel Labor": 256,
      "Foundation Labor": 318,
      "Subcontractor": 0,
      "PM": 42
    }
  },
  {
    "id": "p_77",
    "projectNumber": "2511-CS",
    "projectName": "Collegeville Apartments Site",
    "customer": "B.R. Kreider & Son, Inc.",
    "status": "Bid Submitted",
    "sales": 182338.68,
    "cost": 125750.8,
    "hours": 1707,
    "laborSales": 95411.45,
    "laborCost": 65801,
    "quantity": 28821.95,
    "estimator": "Stoltzfus Jr Isaac",
    "dateCreated": "2025-11-12T05:00:00.000Z",
    "archived": false,
    "active": false,
    "pmcBreakdown": {
      "Site Concrete Labor": 1315,
      "Part": 0,
      "Travel Labor": 337,
      "PM": 55
    }
  },
  {
    "id": "p_158",
    "projectNumber": "2508 - LS",
    "projectName": "Lumber Storage Building",
    "customer": "MK Builders",
    "status": "Bid Submitted",
    "sales": 181941.08,
    "cost": 135641.58,
    "hours": 573,
    "laborSales": 29650.74,
    "laborCost": 21963.5,
    "quantity": 39689.13,
    "estimator": "Stoltzfus Jr Isaac",
    "dateCreated": "2025-08-29T04:00:00.000Z",
    "archived": false,
    "active": false,
    "pmcBreakdown": {
      "Part": 0,
      "Slab On Grade Labor": 215,
      "Site Concrete Labor": 185,
      "Foundation Labor": 128,
      "Subcontractor": 0,
      "PM": 18.5,
      "Travel Labor": 26.5
    }
  },
  {
    "id": "p_282",
    "projectNumber": "MCH-25-001",
    "projectName": "Modern Country Homes",
    "customer": "Hoover Building Specialists, Inc.",
    "status": "Lost",
    "sales": 175002.06,
    "cost": 132277.73,
    "hours": 711.3,
    "laborSales": 34595.5,
    "laborCost": 26011.65,
    "quantity": 3365.31,
    "estimator": "Swinehart Shelly",
    "dateCreated": "2025-03-07T05:00:00.000Z",
    "archived": false,
    "active": false,
    "pmcBreakdown": {
      "Part": 0,
      "Slab On Grade Labor": 316,
      "Travel Labor": 226.3,
      "Site Concrete Labor": 130,
      "Subcontractor": 0,
      "PM": 39
    }
  },
  {
    "id": "p_305",
    "projectNumber": "PTCC - 25 - 001",
    "projectName": "Penske Truck Collision Center",
    "customer": "Berg Construction",
    "status": "Bid Submitted",
    "sales": 171892.82,
    "cost": 129242.71,
    "hours": 825.6,
    "laborSales": 39499.4,
    "laborCost": 29698.8,
    "quantity": 32909.28,
    "estimator": "Steffy Rick",
    "dateCreated": "2025-01-24T05:00:00.000Z",
    "archived": false,
    "active": false,
    "pmcBreakdown": {
      "Part": 0,
      "1. Labor": 734,
      "Travel Labor": 71.6,
      "PM": 20
    }
  },
  {
    "id": "p_70",
    "projectNumber": "2511 - GBMJWL",
    "projectName": "Guardian Barrier Mt Joy Wire Lot",
    "customer": "Heck Construction",
    "status": "Bid Submitted",
    "sales": 170779.53,
    "cost": 128785.14,
    "hours": 1412,
    "laborSales": 73388.05,
    "laborCost": 54361.5,
    "quantity": 19760.78,
    "estimator": "Steffy Rick",
    "dateCreated": "2025-11-19T05:00:00.000Z",
    "archived": false,
    "active": false,
    "pmcBreakdown": {
      "Part": 0,
      "Wall Labor": 436,
      "Slab On Grade Labor": 330,
      "Foundation Labor": 452,
      "Subcontractor": 0,
      "Travel Labor": 152.5,
      "PM": 41.5
    }
  },
  {
    "id": "p_239",
    "projectNumber": "TLM-25-001",
    "projectName": "True Legacy Metals",
    "customer": "Hoover Building Specialists, Inc.",
    "status": "Bid Submitted",
    "sales": 169561.45,
    "cost": 128323.16,
    "hours": 704.43,
    "laborSales": 36018.86,
    "laborCost": 27081.85,
    "quantity": 4088.64,
    "estimator": "Swinehart Shelly",
    "dateCreated": "2025-05-12T04:00:00.000Z",
    "archived": false,
    "active": false,
    "pmcBreakdown": {
      "Part": 0,
      "Slab On Grade Labor": 478,
      "Site Concrete Labor": 129,
      "Subcontractor": 0,
      "Travel Labor": 75.89999999999999,
      "PM": 21.529999999999998
    }
  },
  {
    "id": "p_65",
    "projectNumber": "(blank)",
    "projectName": "Chester County SWA HHW Facility",
    "customer": "Heck Construction",
    "status": "Bid Submitted",
    "sales": 168811.88,
    "cost": 126723.77,
    "hours": 1208,
    "laborSales": 110026.27,
    "laborCost": 82109.15,
    "quantity": 12712.14,
    "estimator": "Steffy Rick",
    "dateCreated": "2025-11-25T05:00:00.000Z",
    "archived": false,
    "active": false,
    "pmcBreakdown": {
      "Wall Labor": 423,
      "Foundation Labor": 348,
      "Slab On Grade Labor": 168,
      "Part": 0,
      "Travel Labor": 199.5,
      "Site Concrete Labor": 37,
      "Subcontractor": 0,
      "PM": 32.5
    }
  },
  {
    "id": "p_143",
    "projectNumber": "2509 - EP",
    "projectName": "Eagle Point - Horst",
    "customer": "Horst Excavating",
    "status": "Bid Submitted",
    "sales": 168358.86,
    "cost": 128759.73,
    "hours": 873.1,
    "laborSales": 44310.82,
    "laborCost": 33568.8,
    "quantity": 29568.2,
    "estimator": "Steffy Rick",
    "dateCreated": "2025-09-10T04:00:00.000Z",
    "archived": false,
    "active": false,
    "pmcBreakdown": {
      "Part": 0,
      "Site Concrete Labor": 661,
      "Travel Labor": 189.1,
      "Subcontractor": 0,
      "PM": 23
    }
  },
  {
    "id": "p_145",
    "projectNumber": "2509 - EP",
    "projectName": "Eagle Point",
    "customer": "B.R. Kreider & Son, Inc.",
    "status": "Lost",
    "sales": 168358.86,
    "cost": 128759.73,
    "hours": 873.1,
    "laborSales": 44310.82,
    "laborCost": 33568.8,
    "quantity": 29568.2,
    "estimator": "Steffy Rick",
    "dateCreated": "2025-09-09T04:00:00.000Z",
    "archived": false,
    "active": false,
    "pmcBreakdown": {
      "Part": 0,
      "Site Concrete Labor": 661,
      "Travel Labor": 189.1,
      "Subcontractor": 0,
      "PM": 23
    }
  },
  {
    "id": "p_252",
    "projectNumber": "(blank)",
    "projectName": "Dublin Village II Apartments",
    "customer": "Metropolitan Companies",
    "status": "Lost",
    "sales": 163389.15,
    "cost": 129901.37,
    "hours": 738.5,
    "laborSales": 37855.15,
    "laborCost": 28462.5,
    "quantity": 7896,
    "estimator": "Stoltzfus Jr Isaac",
    "dateCreated": "2025-04-14T04:00:00.000Z",
    "archived": false,
    "active": false,
    "pmcBreakdown": {
      "Subcontractor": 0,
      "Part": 0,
      "Slab On Grade Labor": 202,
      "Foundation Labor": 202,
      "Travel Labor": 211,
      "Site Concrete Labor": 100,
      "PM": 23.5,
      "Uncategorized": 0
    }
  },
  {
    "id": "p_67",
    "projectNumber": "(blank)",
    "projectName": "Weavertown Mennonite School",
    "customer": "Hoover Building Specialists, Inc.",
    "status": "Bid Submitted",
    "sales": 163202.05,
    "cost": 124443.47,
    "hours": 961.5,
    "laborSales": 49272.53,
    "laborCost": 37047,
    "quantity": 3392.09,
    "estimator": "Swinehart Shelly",
    "dateCreated": "2025-11-21T05:00:00.000Z",
    "archived": false,
    "active": false,
    "pmcBreakdown": {
      "Part": 0,
      "Slab On Grade Labor": 702,
      "Site Concrete Labor": 73,
      "Subcontractor": 0,
      "Travel Labor": 156.5,
      "PM": 30
    }
  },
  {
    "id": "p_120",
    "projectNumber": "2510 - ASH",
    "projectName": "Agape Safe Haven - Arthur Funk",
    "customer": "Funk Construction",
    "status": "Bid Submitted",
    "sales": 159983.6,
    "cost": 120752.19,
    "hours": 1074.5,
    "laborSales": 54952.95,
    "laborCost": 41318,
    "quantity": 19726.78,
    "estimator": "Steffy Rick",
    "dateCreated": "2025-10-06T04:00:00.000Z",
    "archived": false,
    "active": false,
    "pmcBreakdown": {
      "Part": 0,
      "Slab On Grade Labor": 310,
      "Foundation Labor": 340,
      "Travel Labor": 234.5,
      "Site Concrete Labor": 159,
      "Subcontractor": 0,
      "PM": 31
    }
  },
  {
    "id": "p_121",
    "projectNumber": "2510 - ASH",
    "projectName": "Agape Safe Haven",
    "customer": "Scenic Ridge Construction",
    "status": "Bid Submitted",
    "sales": 159983.6,
    "cost": 120752.19,
    "hours": 1074.5,
    "laborSales": 54952.95,
    "laborCost": 41318,
    "quantity": 19726.78,
    "estimator": "Steffy Rick",
    "dateCreated": "2025-10-06T04:00:00.000Z",
    "archived": false,
    "active": false,
    "pmcBreakdown": {
      "Part": 0,
      "Slab On Grade Labor": 310,
      "Foundation Labor": 340,
      "Travel Labor": 234.5,
      "Site Concrete Labor": 159,
      "Subcontractor": 0,
      "PM": 31
    }
  },
  {
    "id": "p_122",
    "projectNumber": "2510 - ASH",
    "projectName": "Agape Safe Haven - Speedwell",
    "customer": "Speedwell Construction Inc.",
    "status": "Bid Submitted",
    "sales": 159983.6,
    "cost": 120752.19,
    "hours": 1074.5,
    "laborSales": 54952.95,
    "laborCost": 41318,
    "quantity": 19726.78,
    "estimator": "Steffy Rick",
    "dateCreated": "2025-10-06T04:00:00.000Z",
    "archived": false,
    "active": false,
    "pmcBreakdown": {
      "Part": 0,
      "Slab On Grade Labor": 310,
      "Foundation Labor": 340,
      "Travel Labor": 234.5,
      "Site Concrete Labor": 159,
      "Subcontractor": 0,
      "PM": 31
    }
  },
  {
    "id": "p_52",
    "projectNumber": "(blank)",
    "projectName": "Katallasso",
    "customer": "Centurion Construction Group, LLC",
    "status": "Bid Submitted",
    "sales": 158796.33,
    "cost": 118547.25,
    "hours": 1228,
    "laborSales": 64434.08,
    "laborCost": 47378,
    "quantity": 17412.41,
    "estimator": "Stoltzfus Jr Isaac",
    "dateCreated": "2025-12-19T05:00:00.000Z",
    "archived": false,
    "active": false,
    "pmcBreakdown": {
      "Part": 0,
      "Wall Labor": 420,
      "Slab On Grade Labor": 278,
      "Foundation Labor": 295,
      "Travel Labor": 193,
      "Subcontractor": 0,
      "PM": 42,
      "Equipment": 0
    }
  },
  {
    "id": "p_215",
    "projectNumber": "2506-RE",
    "projectName": "Reserve at Eagles Landing",
    "customer": "CH+N Site",
    "status": "Bid Submitted",
    "sales": 156985.33,
    "cost": 118034.08,
    "hours": 1261,
    "laborSales": 64657.95,
    "laborCost": 48615,
    "quantity": 37911.73,
    "estimator": "Stoltzfus Jr Isaac",
    "dateCreated": "2025-06-19T04:00:00.000Z",
    "archived": false,
    "active": false,
    "pmcBreakdown": {
      "Part": 0,
      "Site Concrete Labor": 1026,
      "Travel Labor": 194,
      "PM": 41
    }
  },
  {
    "id": "p_64",
    "projectNumber": "(blank)",
    "projectName": "Foxcraft Cabinets",
    "customer": "Hoover Building Specialists, Inc.",
    "status": "Bid Submitted",
    "sales": 156017.29,
    "cost": 118130.86,
    "hours": 603,
    "laborSales": 30879.96,
    "laborCost": 23218,
    "quantity": 3562,
    "estimator": "Swinehart Shelly",
    "dateCreated": "2025-11-26T05:00:00.000Z",
    "archived": false,
    "active": false,
    "pmcBreakdown": {
      "Part": 0,
      "Slab On Grade Labor": 393,
      "Site Concrete Labor": 125,
      "Subcontractor": 0,
      "Travel Labor": 65.5,
      "PM": 19.5
    }
  },
  {
    "id": "p_175",
    "projectNumber": "2508 - CL",
    "projectName": "Coplay Loadout Addition",
    "customer": "Centurion Construction Group, LLC",
    "status": "In Progress",
    "sales": 150831.7,
    "cost": 113889.39,
    "hours": 1284.5,
    "laborSales": 65839.71,
    "laborCost": 49503.5,
    "quantity": 19767.49,
    "estimator": "Stoltzfus Jr Isaac",
    "dateCreated": "2025-08-14T04:00:00.000Z",
    "archived": false,
    "active": true,
    "pmcBreakdown": {
      "Part": 0,
      "Slab On Grade Labor": 175,
      "Wall Labor": 364,
      "Travel Labor": 375,
      "Site Concrete Labor": 122,
      "Foundation Labor": 206,
      "Subcontractor": 0,
      "PM": 42.5
    }
  },
  {
    "id": "p_38",
    "projectNumber": "(blank)",
    "projectName": "Foxcraft Cabinets",
    "customer": "J.E. Horst Building and Remodeling",
    "status": "Bid Submitted",
    "sales": 149321.29,
    "cost": 113096.29,
    "hours": 603,
    "laborSales": 30879.96,
    "laborCost": 23218,
    "quantity": 3148.9,
    "estimator": "Steffy Rick",
    "dateCreated": "2026-01-07T05:00:00.000Z",
    "archived": false,
    "active": false,
    "pmcBreakdown": {
      "Part": 0,
      "Slab On Grade Labor": 393,
      "Site Concrete Labor": 125,
      "Subcontractor": 0,
      "Travel Labor": 65.5,
      "PM": 19.5
    }
  },
  {
    "id": "p_83",
    "projectNumber": "2511 - LHB",
    "projectName": "Landis Homes Barn",
    "customer": "Warfel Construction",
    "status": "Bid Submitted",
    "sales": 145507.9,
    "cost": 111057.72,
    "hours": 795,
    "laborSales": 42948.5,
    "laborCost": 30677.5,
    "quantity": 17194.96,
    "estimator": "Steffy Rick",
    "dateCreated": "2025-11-05T05:00:00.000Z",
    "archived": false,
    "active": false,
    "pmcBreakdown": {
      "Subcontractor": 0,
      "Part": 0,
      "Slab On Grade Labor": 306,
      "Foundation Labor": 235,
      "Wall Labor": 38,
      "Site Concrete Labor": 102,
      "Equipment": 0,
      "Travel Labor": 86.5,
      "PM": 27.5
    }
  },
  {
    "id": "p_225",
    "projectNumber": "2506-LA",
    "projectName": "Lancaster Archery",
    "customer": "Warfel Construction",
    "status": "Bid Submitted",
    "sales": 144386.6,
    "cost": 108613.47,
    "hours": 538,
    "laborSales": 28012.5,
    "laborCost": 20750,
    "quantity": 33954.14,
    "estimator": "Stoltzfus Jr Isaac",
    "dateCreated": "2025-06-04T04:00:00.000Z",
    "archived": false,
    "active": false,
    "pmcBreakdown": {
      "Part": 0,
      "Slab On Grade Labor": 500,
      "Subcontractor": 0,
      "PM": 18,
      "Travel Labor": 20
    }
  },
  {
    "id": "p_238",
    "projectNumber": "WR-25-001",
    "projectName": "Willow Grove Retail Buildings D",
    "customer": "Milex Construction, LLC",
    "status": "Lost",
    "sales": 143808.64,
    "cost": 113863.88,
    "hours": 778,
    "laborSales": 41062.96,
    "laborCost": 30644,
    "quantity": 14633.31,
    "estimator": "Stoltzfus Jr Isaac",
    "dateCreated": "2025-05-13T04:00:00.000Z",
    "archived": false,
    "active": false,
    "pmcBreakdown": {
      "Subcontractor": 0,
      "Part": 0,
      "Slab On Grade Labor": 240,
      "Travel Labor": 176,
      "Foundation Labor": 277,
      "PM": 85,
      "Equipment": 0
    }
  },
  {
    "id": "p_287",
    "projectNumber": "MOU-25-001",
    "projectName": "Mountain Supply",
    "customer": "Hoover Building Specialists, Inc.",
    "status": "Delayed",
    "sales": 139934.24,
    "cost": 105213.72,
    "hours": 790,
    "laborSales": 38363.2,
    "laborCost": 28844.5,
    "quantity": 3257.06,
    "estimator": "Swinehart Shelly",
    "dateCreated": "2025-03-04T05:00:00.000Z",
    "archived": false,
    "active": false,
    "pmcBreakdown": {
      "Part": 0,
      "1. Labor": 500,
      "Travel Labor": 249,
      "PM": 41,
      "Uncategorized": 0
    }
  },
  {
    "id": "p_72",
    "projectNumber": "2511 - CW",
    "projectName": "Cloister Warehouse",
    "customer": "Heck Construction",
    "status": "Bid Submitted",
    "sales": 139719.22,
    "cost": 105382.92,
    "hours": 962,
    "laborSales": 54870.08,
    "laborCost": 40644.5,
    "quantity": 10406.29,
    "estimator": "Steffy Rick",
    "dateCreated": "2025-11-18T05:00:00.000Z",
    "archived": false,
    "active": false,
    "pmcBreakdown": {
      "Part": 0,
      "Wall Labor": 360,
      "PM": 240.5,
      "Foundation Labor": 216,
      "Travel Labor": 138,
      "Subcontractor": 0,
      "Slab On Grade Labor": 7.5
    }
  },
  {
    "id": "p_51",
    "projectNumber": "(blank)",
    "projectName": "Illuminated Integration - Warehouse",
    "customer": "Centurion Construction Group, LLC",
    "status": "Bid Submitted",
    "sales": 138691.49,
    "cost": 100352.85,
    "hours": 1213.6,
    "laborSales": 65551.22,
    "laborCost": 46822.3,
    "quantity": 13909.36,
    "estimator": "Stoltzfus Jr Isaac",
    "dateCreated": "2025-12-19T05:00:00.000Z",
    "archived": false,
    "active": false,
    "pmcBreakdown": {
      "Part": 0,
      "Wall Labor": 315,
      "Slab On Grade Labor": 340,
      "Foundation Labor": 300,
      "Site Concrete Labor": 70,
      "Travel Labor": 147.1,
      "Subcontractor": 0,
      "PM": 41.5,
      "Equipment": 0
    }
  },
  {
    "id": "p_186",
    "projectNumber": "2508 - OPTP",
    "projectName": "Onvo Paid Truck Parking",
    "customer": "Onvo",
    "status": "Lost",
    "sales": 137708.36,
    "cost": 102430.23,
    "hours": 1171.46,
    "laborSales": 61483.28,
    "laborCost": 44878.3,
    "quantity": 10874.99,
    "estimator": "Steffy Rick",
    "dateCreated": "2025-08-11T04:00:00.000Z",
    "archived": false,
    "active": false,
    "pmcBreakdown": {
      "Part": 0,
      "Site Concrete Labor": 700,
      "Travel Labor": 382,
      "Subcontractor": 0,
      "Foundation Labor": 64,
      "PM": 25.459999999999997
    }
  },
  {
    "id": "p_102",
    "projectNumber": "2510 - SP",
    "projectName": "St Peters Church",
    "customer": "Keller Contracting LLC",
    "status": "Bid Submitted",
    "sales": 130755.41,
    "cost": 94263.39,
    "hours": 811.5,
    "laborSales": 43790.6,
    "laborCost": 31279,
    "quantity": 14916.01,
    "estimator": "Stoltzfus Jr Isaac",
    "dateCreated": "2025-10-17T04:00:00.000Z",
    "archived": false,
    "active": false,
    "pmcBreakdown": {
      "Part": 0,
      "Foundation Labor": 323,
      "Slab On Grade Labor": 240,
      "Subcontractor": 0,
      "Site Concrete Labor": 84,
      "Travel Labor": 138.5,
      "PM": 26
    }
  },
  {
    "id": "p_107",
    "projectNumber": "2510 - SP",
    "projectName": "St Peters Church",
    "customer": "Kinsley Construction",
    "status": "Bid Submitted",
    "sales": 130755.41,
    "cost": 94263.39,
    "hours": 811.5,
    "laborSales": 43790.6,
    "laborCost": 31279,
    "quantity": 14916.01,
    "estimator": "Stoltzfus Jr Isaac",
    "dateCreated": "2025-10-13T04:00:00.000Z",
    "archived": false,
    "active": false,
    "pmcBreakdown": {
      "Part": 0,
      "Foundation Labor": 323,
      "Slab On Grade Labor": 240,
      "Subcontractor": 0,
      "Site Concrete Labor": 84,
      "Travel Labor": 138.5,
      "PM": 26
    }
  },
  {
    "id": "p_280",
    "projectNumber": "GSF-25-001",
    "projectName": "Garden Spot Fire & Rescue",
    "customer": "Hoover Building Specialists, Inc.",
    "status": "Lost",
    "sales": 130144.01,
    "cost": 98520,
    "hours": 693.5,
    "laborSales": 33340.12,
    "laborCost": 25067.75,
    "quantity": 4397.08,
    "estimator": "Swinehart Shelly",
    "dateCreated": "2025-03-14T04:00:00.000Z",
    "archived": false,
    "active": false,
    "pmcBreakdown": {
      "Part": 0,
      "Slab On Grade Labor": 596,
      "Subcontractor": 0,
      "Travel Labor": 74.5,
      "PM": 23
    }
  },
  {
    "id": "p_28",
    "projectNumber": "(blank)",
    "projectName": "Weavertown Mennonite School",
    "customer": "Brecknock Builders LLC",
    "status": "Bid Submitted",
    "sales": 130134.47,
    "cost": 99580.58,
    "hours": 831,
    "laborSales": 42597.93,
    "laborCost": 32028.5,
    "quantity": 2258.1,
    "estimator": "Swinehart Shelly",
    "dateCreated": "2026-01-19T05:00:00.000Z",
    "archived": false,
    "active": false,
    "pmcBreakdown": {
      "Part": 0,
      "Slab On Grade Labor": 660,
      "Subcontractor": 0,
      "Travel Labor": 124.5,
      "Site Concrete Labor": 20,
      "PM": 26.5
    }
  },
  {
    "id": "p_108",
    "projectNumber": "2510 - SP",
    "projectName": "St Peters",
    "customer": "Funk Construction",
    "status": "Bid Submitted",
    "sales": 129856.11,
    "cost": 94263.39,
    "hours": 811.5,
    "laborSales": 43477.84,
    "laborCost": 31279,
    "quantity": 14916.01,
    "estimator": "Stoltzfus Jr Isaac",
    "dateCreated": "2025-10-10T04:00:00.000Z",
    "archived": false,
    "active": false,
    "pmcBreakdown": {
      "Part": 0,
      "Foundation Labor": 323,
      "Slab On Grade Labor": 240,
      "Subcontractor": 0,
      "Site Concrete Labor": 84,
      "Travel Labor": 138.5,
      "PM": 26
    }
  },
  {
    "id": "p_112",
    "projectNumber": "2510 - SP",
    "projectName": "St Peters",
    "customer": "Centurion Construction Group, LLC",
    "status": "Bid Submitted",
    "sales": 129856.11,
    "cost": 94263.39,
    "hours": 811.5,
    "laborSales": 43477.84,
    "laborCost": 31279,
    "quantity": 14916.01,
    "estimator": "Stoltzfus Jr Isaac",
    "dateCreated": "2025-10-08T04:00:00.000Z",
    "archived": false,
    "active": false,
    "pmcBreakdown": {
      "Part": 0,
      "Foundation Labor": 323,
      "Slab On Grade Labor": 240,
      "Subcontractor": 0,
      "Site Concrete Labor": 84,
      "Travel Labor": 138.5,
      "PM": 26
    }
  },
  {
    "id": "p_290",
    "projectNumber": "T2T - 25 - 001",
    "projectName": "T2T Veterans Village",
    "customer": "B.R. Kreider & Son, Inc.",
    "status": "Lost",
    "sales": 127711.45,
    "cost": 96023.66,
    "hours": 1227.1,
    "laborSales": 58534.06,
    "laborCost": 44010.55,
    "quantity": 24153.69,
    "estimator": "Steffy Rick",
    "dateCreated": "2025-02-19T05:00:00.000Z",
    "archived": false,
    "active": false,
    "pmcBreakdown": {
      "1. Labor": 1070,
      "Part": 0,
      "Travel Labor": 134.1,
      "PM": 23
    }
  },
  {
    "id": "p_26",
    "projectNumber": "(blank)",
    "projectName": "Melvin Weaver 2024",
    "customer": "Hoover Building Specialists, Inc.",
    "status": "Estimating",
    "sales": 122446.64,
    "cost": 81762.83,
    "hours": 675,
    "laborSales": 60096.53,
    "laborCost": 28380.88,
    "quantity": 5967.74,
    "estimator": "Swinehart Shelly",
    "dateCreated": "2026-01-21T05:00:00.000Z",
    "archived": false,
    "active": false,
    "pmcBreakdown": {
      "Part": 0,
      "Slab On Grade Labor": 325,
      "Site Concrete Labor": 248,
      "Travel Labor": 81.5,
      "PM": 20.5
    }
  },
  {
    "id": "p_73",
    "projectNumber": "2511 - VA",
    "projectName": "Veritas Academy",
    "customer": "Warfel Construction",
    "status": "In Progress",
    "sales": 118660.81,
    "cost": 89784.06,
    "hours": 677.5,
    "laborSales": 36542.8,
    "laborCost": 26102,
    "quantity": 21253.18,
    "estimator": "Steffy Rick",
    "dateCreated": "2025-11-17T05:00:00.000Z",
    "archived": false,
    "active": true,
    "pmcBreakdown": {
      "Part": 0,
      "Slab On Grade Labor": 578,
      "Subcontractor": 0,
      "Travel Labor": 78.5,
      "Equipment": 0,
      "PM": 21
    }
  },
  {
    "id": "p_68",
    "projectNumber": "2511 - LHGB",
    "projectName": "Landis Homes - Grounds Keeping Building",
    "customer": "Warfel Construction",
    "status": "Bid Submitted",
    "sales": 118202.33,
    "cost": 87040.9,
    "hours": 668.8,
    "laborSales": 35951.86,
    "laborCost": 25679.9,
    "quantity": 16780.82,
    "estimator": "Steffy Rick",
    "dateCreated": "2025-11-21T05:00:00.000Z",
    "archived": false,
    "active": false,
    "pmcBreakdown": {
      "Part": 0,
      "Slab On Grade Labor": 262,
      "Foundation Labor": 190,
      "Site Concrete Labor": 122,
      "Subcontractor": 0,
      "Travel Labor": 73.3,
      "PM": 21.5
    }
  },
  {
    "id": "p_198",
    "projectNumber": "2507-LTA",
    "projectName": "Ladder Tower Addition",
    "customer": "Hoover Building Specialists, Inc.",
    "status": "Bid Submitted",
    "sales": 115515.06,
    "cost": 86853.4,
    "hours": 331.34,
    "laborSales": 16895.12,
    "laborCost": 12703.1,
    "quantity": 2944.2,
    "estimator": "Swinehart Shelly",
    "dateCreated": "2025-07-18T04:00:00.000Z",
    "archived": false,
    "active": false,
    "pmcBreakdown": {
      "Part": 0,
      "Slab On Grade Labor": 252,
      "Travel Labor": 35.8,
      "Site Concrete Labor": 34,
      "PM": 9.540000000000001
    }
  },
  {
    "id": "p_99",
    "projectNumber": "2510 - DCC",
    "projectName": "Dutch Cousins Campground",
    "customer": "J.E. Horst Building and Remodeling",
    "status": "In Progress",
    "sales": 114593.35,
    "cost": 85898.69,
    "hours": 623.5,
    "laborSales": 32398.66,
    "laborCost": 23999,
    "quantity": 25511.44,
    "estimator": "Steffy Rick",
    "dateCreated": "2025-10-23T04:00:00.000Z",
    "archived": false,
    "active": true,
    "pmcBreakdown": {
      "Part": 0,
      "Slab On Grade Labor": 504,
      "Travel Labor": 101.5,
      "Subcontractor": 0,
      "PM": 18
    }
  },
  {
    "id": "p_25",
    "projectNumber": "(blank)",
    "projectName": "Landis Homes - The Meadows Building 3",
    "customer": "Warfel Construction",
    "status": "Bid Submitted",
    "sales": 113387.24,
    "cost": 84334.78,
    "hours": 466,
    "laborSales": 26583.8,
    "laborCost": 19404.24,
    "quantity": 30049.67,
    "estimator": "Stoltzfus Jr Isaac",
    "dateCreated": "2026-01-22T05:00:00.000Z",
    "archived": false,
    "active": false,
    "pmcBreakdown": {
      "Part": 0,
      "Slab On Grade Labor": 286,
      "Stone Grading Labor": 80,
      "Subcontractor": 0,
      "Site Concrete Labor": 50,
      "Equipment": 0,
      "Travel Labor": 31,
      "PM": 19
    }
  },
  {
    "id": "p_325",
    "projectNumber": "PC - 24 - 001",
    "projectName": "Poplar Church Road Site",
    "customer": "BN Excavating Inc.",
    "status": "Lost",
    "sales": 112981.86,
    "cost": 85592.34,
    "hours": 1149.3,
    "laborSales": 54610.38,
    "laborCost": 41371.5,
    "quantity": 19101.87,
    "estimator": "Stoltzfus Jr Isaac",
    "dateCreated": "2024-12-10T05:00:00.000Z",
    "archived": false,
    "active": false,
    "pmcBreakdown": {
      "1. Labor": 599,
      "Part": 0,
      "Site Concrete Labor": 421,
      "Travel Labor": 94,
      "PM": 29.3,
      "Labor": 6,
      "Assembly": 0
    }
  },
  {
    "id": "p_129",
    "projectNumber": "2509 - BS",
    "projectName": "Brookside Phase 8",
    "customer": "Heck Construction",
    "status": "Bid Submitted",
    "sales": 112351.73,
    "cost": 84869.72,
    "hours": 1136,
    "laborSales": 58204.82,
    "laborCost": 43763,
    "quantity": 12855.88,
    "estimator": "Steffy Rick",
    "dateCreated": "2025-09-25T04:00:00.000Z",
    "archived": false,
    "active": false,
    "pmcBreakdown": {
      "Part": 0,
      "Foundation Labor": 313,
      "Slab On Grade Labor": 270,
      "Site Concrete Labor": 393,
      "Subcontractor": 0,
      "Travel Labor": 125,
      "PM": 35
    }
  },
  {
    "id": "p_205",
    "projectNumber": "2507-GS",
    "projectName": "GSK B40 Loading Dock",
    "customer": "Hershey Excavating LLC",
    "status": "Lost",
    "sales": 110091.14,
    "cost": 75000.95,
    "hours": 1196,
    "laborSales": 70060.5,
    "laborCost": 46707,
    "quantity": 5424.29,
    "estimator": "Stoltzfus Jr Isaac",
    "dateCreated": "2025-07-08T04:00:00.000Z",
    "archived": false,
    "active": false,
    "pmcBreakdown": {
      "Wall Labor": 250,
      "Site Concrete Labor": 710,
      "Part": 0,
      "Uncategorized": 0,
      "Foundation Labor": 52,
      "Subcontractor": 0,
      "PM": 77,
      "Travel Labor": 107,
      "Equipment": 0
    }
  },
  {
    "id": "p_299",
    "projectNumber": "CM-25-001",
    "projectName": "Cumberland Township Municipal Building",
    "customer": "Keystruct Construction LLC",
    "status": "Lost",
    "sales": 106421.9,
    "cost": 80424.55,
    "hours": 685,
    "laborSales": 48579.44,
    "laborCost": 36525.85,
    "quantity": 12895.87,
    "estimator": "Stoltzfus Jr Isaac",
    "dateCreated": "2025-02-03T05:00:00.000Z",
    "archived": false,
    "active": false,
    "pmcBreakdown": {
      "Part": 0,
      "1. Labor": 258,
      "Foundation Labor": 179.5,
      "Travel Labor": 174.5,
      "Wall Labor": 16,
      "Subcontractor": 0,
      "Labor": 16,
      "PM": 41,
      "Equipment": 0
    }
  },
  {
    "id": "p_307",
    "projectNumber": "CM-25-001",
    "projectName": "Cumberland Township Municipal Building",
    "customer": "Callas Contractors, Inc.",
    "status": "Lost",
    "sales": 106421.9,
    "cost": 80424.55,
    "hours": 685,
    "laborSales": 48579.44,
    "laborCost": 36525.85,
    "quantity": 12895.87,
    "estimator": "Stoltzfus Jr Isaac",
    "dateCreated": "2025-01-16T05:00:00.000Z",
    "archived": false,
    "active": false,
    "pmcBreakdown": {
      "Part": 0,
      "1. Labor": 258,
      "Foundation Labor": 179.5,
      "Travel Labor": 174.5,
      "Wall Labor": 16,
      "Subcontractor": 0,
      "Labor": 16,
      "PM": 41,
      "Equipment": 0
    }
  },
  {
    "id": "p_240",
    "projectNumber": "WR-25-001",
    "projectName": "Willow Grove Retail Buildings H",
    "customer": "Milex Construction, LLC",
    "status": "Lost",
    "sales": 106380.14,
    "cost": 83975.62,
    "hours": 681.5,
    "laborSales": 35997.76,
    "laborCost": 26864,
    "quantity": 8326.81,
    "estimator": "Stoltzfus Jr Isaac",
    "dateCreated": "2025-05-12T04:00:00.000Z",
    "archived": false,
    "active": false,
    "pmcBreakdown": {
      "Subcontractor": 0,
      "Part": 0,
      "Slab On Grade Labor": 140,
      "Foundation Labor": 313,
      "Travel Labor": 152.5,
      "PM": 76,
      "Equipment": 0
    }
  },
  {
    "id": "p_170",
    "projectNumber": "2508 - ADA",
    "projectName": "Alexander Drive Addition",
    "customer": "Scenic Ridge Construction",
    "status": "In Progress",
    "sales": 105808.73,
    "cost": 80362.59,
    "hours": 262,
    "laborSales": 13404.27,
    "laborCost": 10078.4,
    "quantity": 25954.37,
    "estimator": "Steffy Rick",
    "dateCreated": "2025-08-19T04:00:00.000Z",
    "archived": false,
    "active": false,
    "pmcBreakdown": {
      "Part": 0,
      "Slab On Grade Labor": 216,
      "Subcontractor": 0,
      "Travel Labor": 38.8,
      "PM": 7.2
    }
  },
  {
    "id": "p_103",
    "projectNumber": "2510- LL",
    "projectName": "Lanco Lift",
    "customer": "Hoover Building Specialists, Inc.",
    "status": "Bid Submitted",
    "sales": 105306.6,
    "cost": 79521.52,
    "hours": 563.5,
    "laborSales": 28808.47,
    "laborCost": 21660.5,
    "quantity": 3631.05,
    "estimator": "Swinehart Shelly",
    "dateCreated": "2025-10-16T04:00:00.000Z",
    "archived": false,
    "active": false,
    "pmcBreakdown": {
      "Part": 0,
      "Slab On Grade Labor": 322,
      "Site Concrete Labor": 148,
      "Travel Labor": 76,
      "Subcontractor": 0,
      "PM": 17.5
    }
  },
  {
    "id": "p_320",
    "projectNumber": "LV-24-001",
    "projectName": "Londonderry Village Villa B",
    "customer": "Funk Construction",
    "status": "Complete",
    "sales": 103853.65,
    "cost": 77822.82,
    "hours": 556.25,
    "laborSales": 27381.91,
    "laborCost": 20434.25,
    "quantity": 14340.98,
    "estimator": "Stoltzfus Jr Isaac",
    "dateCreated": "2024-12-24T05:00:00.000Z",
    "archived": false,
    "active": false,
    "pmcBreakdown": {
      "Part": 0,
      "1. Labor": 317,
      "Equipment": 0,
      "Foundation Labor": 162,
      "Wall Labor": 42,
      "Subcontractor": 0,
      "PM": 35.25,
      "Uncategorized": 0
    }
  },
  {
    "id": "p_332",
    "projectNumber": "2024-10-001",
    "projectName": "PMC Test Project",
    "customer": "(blank)",
    "status": "Estimating",
    "sales": 102948.38,
    "cost": 102948.38,
    "hours": 0,
    "laborSales": 12794.88,
    "laborCost": 12794.88,
    "quantity": 342.76,
    "estimator": "Stoltzfus Jr Isaac",
    "dateCreated": "2024-10-22T04:00:00.000Z",
    "archived": false,
    "active": false,
    "pmcBreakdown": {}
  },
  {
    "id": "p_202",
    "projectNumber": "2506-GW",
    "projectName": "Glicks Woodworks",
    "customer": "Rocky View Construction",
    "status": "Bid Submitted",
    "sales": 102847.65,
    "cost": 78023.99,
    "hours": 507.4,
    "laborSales": 25974.1,
    "laborCost": 19529.4,
    "quantity": 20972.59,
    "estimator": "Steffy Rick",
    "dateCreated": "2025-07-14T04:00:00.000Z",
    "archived": false,
    "active": false,
    "pmcBreakdown": {
      "Part": 0,
      "Slab On Grade Labor": 438,
      "Subcontractor": 0,
      "Travel Labor": 54.8,
      "PM": 14.6
    }
  },
  {
    "id": "p_219",
    "projectNumber": "2506 - SE",
    "projectName": "Smucker Energy",
    "customer": "Brecknock Builders LLC",
    "status": "Bid Submitted",
    "sales": 102027.85,
    "cost": 78199.7,
    "hours": 522.03,
    "laborSales": 26663.79,
    "laborCost": 20047.95,
    "quantity": 23775.97,
    "estimator": "Steffy Rick",
    "dateCreated": "2025-06-16T04:00:00.000Z",
    "archived": false,
    "active": false,
    "pmcBreakdown": {
      "Part": 0,
      "Slab On Grade Labor": 418,
      "Subcontractor": 0,
      "Site Concrete Labor": 60,
      "Travel Labor": 28.099999999999994,
      "PM": 15.93
    }
  },
  {
    "id": "p_57",
    "projectNumber": "(blank)",
    "projectName": "Dan Rysewski",
    "customer": "Hoover Building Specialists, Inc.",
    "status": "Bid Submitted",
    "sales": 101141.76,
    "cost": 76046.43,
    "hours": 414.5,
    "laborSales": 21049.25,
    "laborCost": 15826.5,
    "quantity": 16085.62,
    "estimator": "Steffy Rick",
    "dateCreated": "2025-12-15T05:00:00.000Z",
    "archived": false,
    "active": false,
    "pmcBreakdown": {
      "Part": 0,
      "Slab On Grade Labor": 288,
      "Travel Labor": 67,
      "Site Concrete Labor": 48,
      "PM": 11.5
    }
  },
  {
    "id": "p_190",
    "projectNumber": "2508-AB",
    "projectName": "AB Martin 34 Denver Road",
    "customer": "AB Martin",
    "status": "Complete",
    "sales": 101116.51,
    "cost": 76537.42,
    "hours": 497,
    "laborSales": 25427.62,
    "laborCost": 19118.5,
    "quantity": 15219.96,
    "estimator": "Stoltzfus Jr Isaac",
    "dateCreated": "2025-08-01T04:00:00.000Z",
    "archived": false,
    "active": true,
    "pmcBreakdown": {
      "Part": 0,
      "Site Concrete Labor": 319,
      "Slab On Grade Labor": 118,
      "Subcontractor": 0,
      "Travel Labor": 45,
      "PM": 15
    }
  },
  {
    "id": "p_328",
    "projectNumber": "(blank)",
    "projectName": "Greenfield Clubhouse",
    "customer": "High Construction Company",
    "status": "Complete",
    "sales": 97806.79,
    "cost": 76578.63,
    "hours": 561,
    "laborSales": 27315.49,
    "laborCost": 20851.5,
    "quantity": 16434.24,
    "estimator": "Stoltzfus Jr Isaac",
    "dateCreated": "2024-12-02T05:00:00.000Z",
    "archived": false,
    "active": false,
    "pmcBreakdown": {
      "Assembly": 0,
      "1. Labor": 135,
      "Part": 0,
      "Subcontractor": 0,
      "Labor": 362,
      "Equipment": 0,
      "PM": 48,
      "Travel Labor": 16
    }
  },
  {
    "id": "p_273",
    "projectNumber": "PV-24-002",
    "projectName": "Penn Valley Gas",
    "customer": "Hoover Building Specialists, Inc.",
    "status": "In Progress",
    "sales": 97309.41,
    "cost": 70723.35,
    "hours": 486.05,
    "laborSales": 23907.97,
    "laborCost": 17324.58,
    "quantity": 38392.26,
    "estimator": "Stoltzfus Levi",
    "dateCreated": "2025-03-21T04:00:00.000Z",
    "archived": false,
    "active": false,
    "pmcBreakdown": {
      "Assembly": 92.44,
      "Pour And Finish Labor": 197.88,
      "Part": 2.82,
      "Travel Labor": 141.47000000000003,
      "Labor": 32.64,
      "Subcontractor": 0,
      "Finish Labor": 15.3,
      "fab labor": 3.5
    }
  },
  {
    "id": "p_327",
    "projectNumber": "PV-24-001",
    "projectName": "Penn Valley Gas (Old)",
    "customer": "Hoover Building Specialists, Inc.",
    "status": "To Do",
    "sales": 97309.41,
    "cost": 70723.35,
    "hours": 486.05,
    "laborSales": 23907.97,
    "laborCost": 17324.58,
    "quantity": 38392.26,
    "estimator": "Stoltzfus Levi",
    "dateCreated": "2024-12-03T05:00:00.000Z",
    "archived": true,
    "active": false,
    "pmcBreakdown": {
      "Assembly": 92.44,
      "Pour And Finish Labor": 197.88,
      "Part": 2.82,
      "Travel Labor": 141.47000000000003,
      "Labor": 32.64,
      "Subcontractor": 0,
      "Finish Labor": 15.3,
      "fab labor": 3.5
    }
  },
  {
    "id": "p_206",
    "projectNumber": "25-07-WOC",
    "projectName": "White Oak Church",
    "customer": "Hoover Building Specialists, Inc.",
    "status": "Bid Submitted",
    "sales": 97300.01,
    "cost": 74474.76,
    "hours": 661.07,
    "laborSales": 33814.52,
    "laborCost": 25424.45,
    "quantity": 3227.52,
    "estimator": "Swinehart Shelly",
    "dateCreated": "2025-07-08T04:00:00.000Z",
    "archived": false,
    "active": false,
    "pmcBreakdown": {
      "Part": 0,
      "Slab On Grade Labor": 336,
      "Site Concrete Labor": 200,
      "Travel Labor": 107.19999999999999,
      "Subcontractor": 0,
      "PM": 17.87
    }
  },
  {
    "id": "p_124",
    "projectNumber": "2510 - BR",
    "projectName": "Baron Run",
    "customer": "B.R. Kreider & Son, Inc.",
    "status": "Bid Submitted",
    "sales": 96764.73,
    "cost": 72755.46,
    "hours": 965,
    "laborSales": 49415.49,
    "laborCost": 37154.5,
    "quantity": 2508.18,
    "estimator": "Steffy Rick",
    "dateCreated": "2025-10-01T04:00:00.000Z",
    "archived": false,
    "active": false,
    "pmcBreakdown": {
      "Site Concrete Labor": 779,
      "Part": 0,
      "Travel Labor": 157.5,
      "PM": 28.5
    }
  },
  {
    "id": "p_110",
    "projectNumber": "501-A",
    "projectName": "Alexander Drive Addition Latest",
    "customer": "Scenic Ridge Construction",
    "status": "Accepted",
    "sales": 95433.53,
    "cost": 80362.59,
    "hours": 262,
    "laborSales": 12603.56,
    "laborCost": 10078.4,
    "quantity": 745.09,
    "estimator": "Steffy Rick",
    "dateCreated": "2025-10-10T04:00:00.000Z",
    "archived": false,
    "active": false,
    "pmcBreakdown": {
      "Part": 0,
      "Slab On Grade Labor": 216,
      "Subcontractor": 0,
      "Travel Labor": 38.8,
      "PM": 7.2
    }
  },
  {
    "id": "p_279",
    "projectNumber": "PAN-25-001",
    "projectName": "Paneling Sales- Main Building",
    "customer": "Hoover Building Specialists, Inc.",
    "status": "Complete",
    "sales": 92492.56,
    "cost": 70277.45,
    "hours": 663.28,
    "laborSales": 32248.11,
    "laborCost": 24246.7,
    "quantity": 2668.93,
    "estimator": "Swinehart Shelly",
    "dateCreated": "2025-03-19T04:00:00.000Z",
    "archived": false,
    "active": true,
    "pmcBreakdown": {
      "Part": 0,
      "Slab On Grade Labor": 426,
      "Site Concrete Labor": 164,
      "Subcontractor": 0,
      "Travel Labor": 53.599999999999994,
      "PM": 19.679999999999996
    }
  },
  {
    "id": "p_146",
    "projectNumber": "2509 - MCH",
    "projectName": "Modern Country Homes",
    "customer": "Modern Country Homes",
    "status": "Bid Submitted",
    "sales": 90992.14,
    "cost": 68610.45,
    "hours": 322,
    "laborSales": 16555.7,
    "laborCost": 12355,
    "quantity": 922.15,
    "estimator": "Steffy Rick",
    "dateCreated": "2025-09-09T04:00:00.000Z",
    "archived": false,
    "active": false,
    "pmcBreakdown": {
      "Part": 0,
      "Slab On Grade Labor": 192,
      "Travel Labor": 123,
      "Subcontractor": 0,
      "PM": 7
    }
  },
  {
    "id": "p_76",
    "projectNumber": "2511 - WVLC2",
    "projectName": "Willow Valley Lakes Core Phase 2",
    "customer": "CCS Building Group",
    "status": "Bid Submitted",
    "sales": 90837.38,
    "cost": 68803.88,
    "hours": 650,
    "laborSales": 33472.79,
    "laborCost": 25167.5,
    "quantity": 12275.81,
    "estimator": "Steffy Rick",
    "dateCreated": "2025-11-13T05:00:00.000Z",
    "archived": false,
    "active": false,
    "pmcBreakdown": {
      "Part": 0,
      "Site Concrete Labor": 140,
      "Slab On Grade Labor": 194,
      "Foundation Labor": 228,
      "Subcontractor": 0,
      "Travel Labor": 60.5,
      "PM": 27.5
    }
  },
  {
    "id": "p_191",
    "projectNumber": "2507 - PSECU",
    "projectName": "PSECU",
    "customer": "American Construction And Concrete",
    "status": "Bid Submitted",
    "sales": 90350.34,
    "cost": 68266.86,
    "hours": 708.52,
    "laborSales": 36485.59,
    "laborCost": 27228.06,
    "quantity": 10347.61,
    "estimator": "Steffy Rick",
    "dateCreated": "2025-07-31T04:00:00.000Z",
    "archived": false,
    "active": false,
    "pmcBreakdown": {
      "Part": 0,
      "Slab On Grade Labor": 264,
      "Foundation Labor": 273.12,
      "Travel Labor": 153.5,
      "Subcontractor": 0,
      "PM": 17.9
    }
  },
  {
    "id": "p_200",
    "projectNumber": "2507-WS",
    "projectName": "West Shore Country Club Addition",
    "customer": "Centurion Construction Group, LLC",
    "status": "Bid Submitted",
    "sales": 90328.69,
    "cost": 68675.78,
    "hours": 667.5,
    "laborSales": 34244.19,
    "laborCost": 25747.5,
    "quantity": 10578.2,
    "estimator": "Stoltzfus Jr Isaac",
    "dateCreated": "2025-07-15T04:00:00.000Z",
    "archived": false,
    "active": false,
    "pmcBreakdown": {
      "Part": 0,
      "Slab On Grade Labor": 155,
      "Site Concrete Labor": 168,
      "Foundation Labor": 200,
      "Subcontractor": 0,
      "Travel Labor": 122,
      "PM": 22.5
    }
  },
  {
    "id": "p_0",
    "projectNumber": "(blank)",
    "projectName": "Rohrers Office Building",
    "customer": "LL Groff & Son, Inc.",
    "status": "Bid Submitted",
    "sales": 88515.12,
    "cost": 82591.57,
    "hours": 785,
    "laborSales": 69694.21,
    "laborCost": 65749.23,
    "quantity": 13877.69,
    "estimator": "Steffy Rick",
    "dateCreated": "2026-02-18T05:00:00.000Z",
    "archived": false,
    "active": false,
    "pmcBreakdown": {
      "Site Concrete Labor": 305,
      "Slab On Grade Labor": 312,
      "Foundation Labor": 50,
      "Part": 0,
      "Travel Labor": 95.5,
      "Subcontractor": 0,
      "PM": 22.5,
      "Equipment": 0
    }
  },
  {
    "id": "p_16",
    "projectNumber": "(blank)",
    "projectName": "Sporting Hill Christian School",
    "customer": "Hoover Building Specialists, Inc.",
    "status": "Bid Submitted",
    "sales": 88502.31,
    "cost": 66785.21,
    "hours": 703.5,
    "laborSales": 39351.64,
    "laborCost": 29587.66,
    "quantity": 1458.76,
    "estimator": "Steffy Rick",
    "dateCreated": "2026-01-28T05:00:00.000Z",
    "archived": false,
    "active": false,
    "pmcBreakdown": {
      "Part": 0,
      "Site Concrete Labor": 251,
      "Slab On Grade Labor": 354,
      "Travel Labor": 76.5,
      "Subcontractor": 0,
      "PM": 22
    }
  },
  {
    "id": "p_182",
    "projectNumber": "2508 - FE",
    "projectName": "Fresh Express Cull Waste Expansion",
    "customer": "Centurion Construction Group, LLC",
    "status": "Bid Submitted",
    "sales": 88056.83,
    "cost": 66794.47,
    "hours": 780,
    "laborSales": 39967.87,
    "laborCost": 30051,
    "quantity": 9970.53,
    "estimator": "Stoltzfus Jr Isaac",
    "dateCreated": "2025-08-12T04:00:00.000Z",
    "archived": false,
    "active": false,
    "pmcBreakdown": {
      "Part": 0,
      "Wall Labor": 295,
      "Slab On Grade Labor": 208,
      "Foundation Labor": 120,
      "Travel Labor": 122.5,
      "Subcontractor": 0,
      "Site Concrete Labor": 9,
      "PM": 25.5
    }
  },
  {
    "id": "p_35",
    "projectNumber": "(blank)",
    "projectName": "Engel Properties",
    "customer": "Smucker Brothers Construction",
    "status": "Bid Submitted",
    "sales": 87796.41,
    "cost": 71441.23,
    "hours": 357,
    "laborSales": 18554.31,
    "laborCost": 13846.5,
    "quantity": 11298.36,
    "estimator": "Stoltzfus Jr Isaac",
    "dateCreated": "2026-01-12T05:00:00.000Z",
    "archived": false,
    "active": false,
    "pmcBreakdown": {
      "Subcontractor": 0,
      "Part": 0,
      "Foundation Labor": 108,
      "Slab On Grade Labor": 90,
      "Site Concrete Labor": 125,
      "PM": 16.5,
      "Travel Labor": 17.5
    }
  },
  {
    "id": "p_243",
    "projectNumber": "2505-WP",
    "projectName": "Westminster Presbyterian Addition",
    "customer": "Centurion Construction Group, LLC",
    "status": "In Progress",
    "sales": 87503.01,
    "cost": 66011.73,
    "hours": 681,
    "laborSales": 34892.57,
    "laborCost": 26235,
    "quantity": 12429.34,
    "estimator": "Stoltzfus Jr Isaac",
    "dateCreated": "2025-05-08T04:00:00.000Z",
    "archived": false,
    "active": true,
    "pmcBreakdown": {
      "Part": 0,
      "Site Concrete Labor": 250,
      "Slab On Grade Labor": 125,
      "Foundation Labor": 200,
      "Wall Labor": 35,
      "Subcontractor": 0,
      "Travel Labor": 50,
      "PM": 21
    }
  },
  {
    "id": "p_62",
    "projectNumber": "(blank)",
    "projectName": "DAF Water Treatment Plant",
    "customer": "Centurion Construction Group, LLC",
    "status": "Bid Submitted",
    "sales": 86727.62,
    "cost": 57977.08,
    "hours": 769.5,
    "laborSales": 44541.75,
    "laborCost": 29694.5,
    "quantity": 7325.79,
    "estimator": "Stoltzfus Jr Isaac",
    "dateCreated": "2025-12-03T05:00:00.000Z",
    "archived": false,
    "active": false,
    "pmcBreakdown": {
      "Part": 0,
      "Site Concrete Labor": 194,
      "Slab On Grade Labor": 161,
      "Foundation Labor": 161,
      "Travel Labor": 225.5,
      "PM": 28,
      "Subcontractor": 0
    }
  },
  {
    "id": "p_153",
    "projectNumber": "2509 - CMGC",
    "projectName": "Cornwall Manor Grandview Circle",
    "customer": "Benchmark Construction Co., Inc.",
    "status": "Bid Submitted",
    "sales": 84999.72,
    "cost": 64851.06,
    "hours": 822.51,
    "laborSales": 42039.75,
    "laborCost": 31608.81,
    "quantity": 10765.86,
    "estimator": "Steffy Rick",
    "dateCreated": "2025-09-02T04:00:00.000Z",
    "archived": false,
    "active": false,
    "pmcBreakdown": {
      "Part": 0,
      "Slab On Grade Labor": 432,
      "Foundation Labor": 191.52,
      "Travel Labor": 178.20000000000002,
      "Subcontractor": 0,
      "PM": 20.790000000000003
    }
  },
  {
    "id": "p_188",
    "projectNumber": "2508 - CP",
    "projectName": "Canine Partners for Life",
    "customer": "C. Raymond Davis & Sons, Inc.",
    "status": "In Progress",
    "sales": 84515.97,
    "cost": 64524.67,
    "hours": 531,
    "laborSales": 27016.44,
    "laborCost": 20467,
    "quantity": 15663.69,
    "estimator": "Stoltzfus Jr Isaac",
    "dateCreated": "2025-08-06T04:00:00.000Z",
    "archived": false,
    "active": true,
    "pmcBreakdown": {
      "Uncategorized": 0,
      "Part": 0,
      "Slab On Grade Labor": 155,
      "Site Concrete Labor": 203,
      "Foundation Labor": 103,
      "Subcontractor": 0,
      "Travel Labor": 53,
      "PM": 17
    }
  },
  {
    "id": "p_304",
    "projectNumber": "MGC-25-001",
    "projectName": "Metzler's Gymnastic Center",
    "customer": "Hoover Building Specialists, Inc.",
    "status": "Delayed",
    "sales": 82946.2,
    "cost": 62901.49,
    "hours": 323.5,
    "laborSales": 16078.05,
    "laborCost": 12088.75,
    "quantity": 1895.39,
    "estimator": "Swinehart Shelly",
    "dateCreated": "2025-01-27T05:00:00.000Z",
    "archived": false,
    "active": false,
    "pmcBreakdown": {
      "Part": 0,
      "1. Labor": 260,
      "Subcontractor": 0,
      "PM": 31,
      "Travel Labor": 32.5,
      "Uncategorized": 0
    }
  },
  {
    "id": "p_196",
    "projectNumber": "2507 - SECCRA",
    "projectName": "SECCRA",
    "customer": "Berg Construction",
    "status": "Bid Submitted",
    "sales": 82311.38,
    "cost": 61896.23,
    "hours": 202.27,
    "laborSales": 18841.48,
    "laborCost": 13956.65,
    "quantity": 2391.45,
    "estimator": "Steffy Rick",
    "dateCreated": "2025-07-22T04:00:00.000Z",
    "archived": false,
    "active": false,
    "pmcBreakdown": {
      "Part": 0,
      "Site Concrete Labor": 164,
      "Subcontractor": 0,
      "Travel Labor": 32.8,
      "PM": 5.47
    }
  },
  {
    "id": "p_235",
    "projectNumber": "2505-FP",
    "projectName": "Fisher Project",
    "customer": "Universe Construction LLC",
    "status": "Lost",
    "sales": 81744.58,
    "cost": 62136.6,
    "hours": 414,
    "laborSales": 21160.3,
    "laborCost": 15910,
    "quantity": 16133.85,
    "estimator": "Stoltzfus Jr Isaac",
    "dateCreated": "2025-05-15T04:00:00.000Z",
    "archived": false,
    "active": false,
    "pmcBreakdown": {
      "Part": 0,
      "Slab On Grade Labor": 280,
      "Site Concrete Labor": 102,
      "Subcontractor": 0,
      "PM": 14,
      "Travel Labor": 18
    }
  },
  {
    "id": "p_133",
    "projectNumber": "Alexander Drive Addition",
    "projectName": "Alexander Drive Addition",
    "customer": "(blank)",
    "status": "Estimating",
    "sales": 80240.19,
    "cost": 80240.19,
    "hours": 262,
    "laborSales": 9956,
    "laborCost": 9956,
    "quantity": 25954.37,
    "estimator": "Gilmore Todd",
    "dateCreated": "2025-09-24T04:00:00.000Z",
    "archived": false,
    "active": false,
    "pmcBreakdown": {}
  },
  {
    "id": "p_127",
    "projectNumber": "2509 - WCR",
    "projectName": "Western Corners Retail",
    "customer": "Heck Construction",
    "status": "Lost",
    "sales": 79994.94,
    "cost": 60430.76,
    "hours": 724,
    "laborSales": 37088.39,
    "laborCost": 27886,
    "quantity": 11483.71,
    "estimator": "Steffy Rick",
    "dateCreated": "2025-09-26T04:00:00.000Z",
    "archived": false,
    "active": false,
    "pmcBreakdown": {
      "Part": 0,
      "Slab On Grade Labor": 284,
      "Foundation Labor": 339,
      "Travel Labor": 79,
      "Subcontractor": 0,
      "PM": 22
    }
  },
  {
    "id": "p_220",
    "projectNumber": "2506-SH",
    "projectName": "Stoltzfus Hardwoods- Storage Building",
    "customer": "Hoover Building Specialists, Inc.",
    "status": "In Progress",
    "sales": 79903.32,
    "cost": 60418.72,
    "hours": 293,
    "laborSales": 15011.72,
    "laborCost": 11287,
    "quantity": 1909.84,
    "estimator": "Swinehart Shelly",
    "dateCreated": "2025-06-16T04:00:00.000Z",
    "archived": false,
    "active": true,
    "pmcBreakdown": {
      "Part": 0,
      "Slab On Grade Labor": 194,
      "Site Concrete Labor": 58,
      "Subcontractor": 0,
      "Travel Labor": 32,
      "PM": 9
    }
  },
  {
    "id": "p_29",
    "projectNumber": "(blank)",
    "projectName": "Mennonite Disaster Services",
    "customer": "Hoover Building Specialists, Inc.",
    "status": "Bid Submitted",
    "sales": 77996.76,
    "cost": 59385.87,
    "hours": 351,
    "laborSales": 19634.27,
    "laborCost": 14762.6,
    "quantity": 1830.38,
    "estimator": "Swinehart Shelly",
    "dateCreated": "2026-01-19T05:00:00.000Z",
    "archived": false,
    "active": false,
    "pmcBreakdown": {
      "Part": 0,
      "Slab On Grade Labor": 294,
      "Subcontractor": 0,
      "Travel Labor": 38,
      "PM": 11,
      "Site Concrete Labor": 8
    }
  },
  {
    "id": "p_6",
    "projectNumber": "(blank)",
    "projectName": "If It's Water",
    "customer": "Hoover Building Specialists, Inc.",
    "status": "Bid Submitted",
    "sales": 77790.19,
    "cost": 69796.18,
    "hours": 427.5,
    "laborSales": 36182.8,
    "laborCost": 34134.72,
    "quantity": 2059.37,
    "estimator": "Swinehart Shelly",
    "dateCreated": "2026-02-12T05:00:00.000Z",
    "archived": false,
    "active": false,
    "pmcBreakdown": {
      "Part": 0,
      "Slab On Grade Labor": 306,
      "Site Concrete Labor": 56,
      "Uncategorized": 0,
      "Travel Labor": 52,
      "Subcontractor": 0,
      "PM": 13.5
    }
  },
  {
    "id": "p_257",
    "projectNumber": "(blank)",
    "projectName": "St Annes Cottages 45 & 46",
    "customer": "Benchmark Construction Co., Inc.",
    "status": "Complete",
    "sales": 77754.24,
    "cost": 58096.92,
    "hours": 616,
    "laborSales": 31799.54,
    "laborCost": 23731,
    "quantity": 7477.04,
    "estimator": "Stoltzfus Jr Isaac",
    "dateCreated": "2025-04-09T04:00:00.000Z",
    "archived": false,
    "active": false,
    "pmcBreakdown": {
      "Part": 0,
      "Slab On Grade Labor": 185,
      "Site Concrete Labor": 175,
      "Foundation Labor": 192,
      "Travel Labor": 45,
      "PM": 19,
      "Equipment": 0,
      "Subcontractor": 0
    }
  },
  {
    "id": "p_60",
    "projectNumber": "2512 - GFS",
    "projectName": "Gish Furniture Sitework",
    "customer": "Heck Construction",
    "status": "In Progress",
    "sales": 76668.93,
    "cost": 57645.79,
    "hours": 539,
    "laborSales": 40742.74,
    "laborCost": 30633.63,
    "quantity": 3966.65,
    "estimator": "Steffy Rick",
    "dateCreated": "2025-12-04T05:00:00.000Z",
    "archived": false,
    "active": true,
    "pmcBreakdown": {
      "Site Concrete Labor": 465,
      "Part": 0,
      "Foundation Labor": 24,
      "PM": 20.5,
      "Travel Labor": 29.5
    }
  },
  {
    "id": "p_313",
    "projectNumber": "YR - 25 - 001",
    "projectName": "Yates Rental",
    "customer": "Hoover Building Specialists, Inc.",
    "status": "Lost",
    "sales": 76181.86,
    "cost": 57279.59,
    "hours": 370,
    "laborSales": 17884.52,
    "laborCost": 13447,
    "quantity": 2317.64,
    "estimator": "Steffy Rick",
    "dateCreated": "2025-01-06T05:00:00.000Z",
    "archived": false,
    "active": false,
    "pmcBreakdown": {
      "Part": 0,
      "1. Labor": 320,
      "Travel Labor": 34,
      "PM": 16
    }
  },
  {
    "id": "p_249",
    "projectNumber": "2505 - KE",
    "projectName": "Kemper Equipment",
    "customer": "Hoover Building Specialists, Inc.",
    "status": "In Progress",
    "sales": 74877.12,
    "cost": 56525.94,
    "hours": 337,
    "laborSales": 17244.78,
    "laborCost": 12966,
    "quantity": 1651.44,
    "estimator": "Steffy Rick",
    "dateCreated": "2025-04-24T04:00:00.000Z",
    "archived": false,
    "active": true,
    "pmcBreakdown": {
      "Part": 0,
      "Slab On Grade Labor": 264,
      "Travel Labor": 59,
      "Subcontractor": 0,
      "PM": 10,
      "Site Concrete Labor": 4
    }
  },
  {
    "id": "p_322",
    "projectNumber": "PES - 24 - 001",
    "projectName": "Paradise Energy Solutions",
    "customer": "Hoover Building Specialists, Inc.",
    "status": "Lost",
    "sales": 73659.04,
    "cost": 55382.76,
    "hours": 434,
    "laborSales": 22161.8,
    "laborCost": 16663,
    "quantity": 2685.8,
    "estimator": "Steffy Rick",
    "dateCreated": "2024-12-23T05:00:00.000Z",
    "archived": false,
    "active": false,
    "pmcBreakdown": {
      "Part": 0,
      "Site Concrete Labor": 371,
      "Travel Labor": 47.5,
      "PM": 15.5
    }
  },
  {
    "id": "p_115",
    "projectNumber": "2510 - EPR",
    "projectName": "Eastern Palace Restaurant",
    "customer": "Heck Construction",
    "status": "Bid Submitted",
    "sales": 72706.71,
    "cost": 55271.92,
    "hours": 577,
    "laborSales": 29545.95,
    "laborCost": 22215,
    "quantity": 6039.58,
    "estimator": "Steffy Rick",
    "dateCreated": "2025-10-07T04:00:00.000Z",
    "archived": false,
    "active": false,
    "pmcBreakdown": {
      "Foundation Labor": 347,
      "Part": 0,
      "Slab On Grade Labor": 150,
      "Travel Labor": 63,
      "Subcontractor": 0,
      "PM": 17
    }
  },
  {
    "id": "p_296",
    "projectNumber": "DES-25-001",
    "projectName": "Destiny Builders",
    "customer": "Hoover Building Specialists, Inc.",
    "status": "Bid Submitted",
    "sales": 72486.11,
    "cost": 55142.34,
    "hours": 478,
    "laborSales": 23294.96,
    "laborCost": 17515,
    "quantity": 1759.08,
    "estimator": "Swinehart Shelly",
    "dateCreated": "2025-02-06T05:00:00.000Z",
    "archived": false,
    "active": false,
    "pmcBreakdown": {
      "Part": 0,
      "1. Labor": 400,
      "Subcontractor": 0,
      "Travel Labor": 50,
      "PM": 28
    }
  },
  {
    "id": "p_229",
    "projectNumber": "2505 - OD",
    "projectName": "Onvo Duncannon",
    "customer": "(blank)",
    "status": "Lost",
    "sales": 71570.58,
    "cost": 54643.44,
    "hours": 404.8,
    "laborSales": 20657.56,
    "laborCost": 15532,
    "quantity": 9874.5,
    "estimator": "Steffy Rick",
    "dateCreated": "2025-05-27T04:00:00.000Z",
    "archived": false,
    "active": false,
    "pmcBreakdown": {}
  },
  {
    "id": "p_13",
    "projectNumber": "(blank)",
    "projectName": "Oakwood Manor",
    "customer": "Cedar Run Construction",
    "status": "Bid Submitted",
    "sales": 70983.79,
    "cost": 49455.28,
    "hours": 387,
    "laborSales": 32477.41,
    "laborCost": 16254.96,
    "quantity": 13407.27,
    "estimator": "Steffy Rick",
    "dateCreated": "2026-01-30T05:00:00.000Z",
    "archived": false,
    "active": false,
    "pmcBreakdown": {
      "Slab On Grade Labor": 310,
      "Part": 0,
      "Travel Labor": 66.5,
      "Subcontractor": 0,
      "PM": 10.5
    }
  },
  {
    "id": "p_184",
    "projectNumber": "2508-ERM",
    "projectName": "Earl R Martin- Truck Shop",
    "customer": "Hoover Building Specialists, Inc.",
    "status": "Bid Submitted",
    "sales": 70727.58,
    "cost": 53763.9,
    "hours": 337.17,
    "laborSales": 17188.18,
    "laborCost": 12923.45,
    "quantity": 1884.13,
    "estimator": "Swinehart Shelly",
    "dateCreated": "2025-08-12T04:00:00.000Z",
    "archived": false,
    "active": false,
    "pmcBreakdown": {
      "Part": 0,
      "Slab On Grade Labor": 192,
      "Site Concrete Labor": 92,
      "Subcontractor": 0,
      "Travel Labor": 43.7,
      "PM": 9.47
    }
  },
  {
    "id": "p_53",
    "projectNumber": "(blank)",
    "projectName": "Wolfgang - Warrell Warehouse 4",
    "customer": "Centurion Construction Group, LLC",
    "status": "Bid Submitted",
    "sales": 68605.75,
    "cost": 51377.35,
    "hours": 644,
    "laborSales": 34264.02,
    "laborCost": 24829,
    "quantity": 4705.04,
    "estimator": "Stoltzfus Jr Isaac",
    "dateCreated": "2025-12-19T05:00:00.000Z",
    "archived": false,
    "active": false,
    "pmcBreakdown": {
      "Slab On Grade Labor": 425,
      "Part": 0,
      "Subcontractor": 0,
      "Travel Labor": 118,
      "Foundation Labor": 80,
      "PM": 21,
      "Uncategorized": 0
    }
  },
  {
    "id": "p_330",
    "projectNumber": "TP-24-001",
    "projectName": "Test project 2",
    "customer": "(blank)",
    "status": "Estimating",
    "sales": 67917.61,
    "cost": 52244.28,
    "hours": 6.62,
    "laborSales": 18351.21,
    "laborCost": 14116.31,
    "quantity": 28383.46,
    "estimator": "Stoltzfus Levi",
    "dateCreated": "2024-10-31T04:00:00.000Z",
    "archived": false,
    "active": false,
    "pmcBreakdown": {}
  },
  {
    "id": "p_180",
    "projectNumber": "2508 - BRS",
    "projectName": "Blue Ridge School",
    "customer": "J.E. Horst Building and Remodeling",
    "status": "In Progress",
    "sales": 66344.44,
    "cost": 50715.25,
    "hours": 566.24,
    "laborSales": 0,
    "laborCost": 0,
    "quantity": 20512.4,
    "estimator": "Steffy Rick",
    "dateCreated": "2025-08-13T04:00:00.000Z",
    "archived": false,
    "active": true,
    "pmcBreakdown": {
      "Part": 0,
      "Subcontractor": 0,
      "Travel Labor": 61.2,
      "PM": 16.29,
      "Site Concrete Labor": 104.75,
      "Slab On Grade Labor": 384
    }
  },
  {
    "id": "p_105",
    "projectNumber": "2510-BBC",
    "projectName": "Blue Ball Church",
    "customer": "Blue Ball Mennonite Church",
    "status": "Delayed",
    "sales": 66138.36,
    "cost": 49917.56,
    "hours": 509.5,
    "laborSales": 26134.5,
    "laborCost": 19650,
    "quantity": 5592.86,
    "estimator": "Swinehart Shelly",
    "dateCreated": "2025-10-14T04:00:00.000Z",
    "archived": false,
    "active": false,
    "pmcBreakdown": {
      "Part": 0,
      "Slab On Grade Labor": 264,
      "Site Concrete Labor": 173,
      "Travel Labor": 55.5,
      "Equipment": 0,
      "PM": 17,
      "Uncategorized": 0
    }
  },
  {
    "id": "p_311",
    "projectNumber": "TF - 25 - 001",
    "projectName": "Treehouse Foods",
    "customer": "B.R. Kreider & Son, Inc.",
    "status": "Lost",
    "sales": 65599.61,
    "cost": 49323.01,
    "hours": 568,
    "laborSales": 27077.48,
    "laborCost": 20359,
    "quantity": 11893.28,
    "estimator": "Steffy Rick",
    "dateCreated": "2025-01-06T05:00:00.000Z",
    "archived": false,
    "active": false,
    "pmcBreakdown": {
      "1. Labor": 503,
      "Part": 0,
      "Travel Labor": 55,
      "PM": 10
    }
  },
  {
    "id": "p_244",
    "projectNumber": "2505 - TLE",
    "projectName": "The Learning Experience",
    "customer": "CGA Construction",
    "status": "Complete",
    "sales": 65595.53,
    "cost": 49947.88,
    "hours": 528.48,
    "laborSales": 27032.24,
    "laborCost": 20325,
    "quantity": 14696.69,
    "estimator": "Steffy Rick",
    "dateCreated": "2025-05-06T04:00:00.000Z",
    "archived": false,
    "active": true,
    "pmcBreakdown": {
      "Part": 0,
      "Slab On Grade Labor": 204,
      "Site Concrete Labor": 224.5,
      "Travel Labor": 85.69999999999999,
      "Subcontractor": 0,
      "PM": 14.28
    }
  },
  {
    "id": "p_78",
    "projectNumber": "2511 - VVD",
    "projectName": "Valley View Doors",
    "customer": "Brecknock Builders LLC",
    "status": "Lost",
    "sales": 64673.48,
    "cost": 49256.33,
    "hours": 336,
    "laborSales": 17204.89,
    "laborCost": 12936,
    "quantity": 10018.34,
    "estimator": "Steffy Rick",
    "dateCreated": "2025-11-12T05:00:00.000Z",
    "archived": false,
    "active": true,
    "pmcBreakdown": {
      "Part": 0,
      "Slab On Grade Labor": 245,
      "Subcontractor": 0,
      "Travel Labor": 40.5,
      "Site Concrete Labor": 39,
      "PM": 11.5
    }
  },
  {
    "id": "p_91",
    "projectNumber": "2510-LS",
    "projectName": "Lancaster Archery Site",
    "customer": "BN Excavating Inc.",
    "status": "Bid Submitted",
    "sales": 62125.81,
    "cost": 45347.29,
    "hours": 617,
    "laborSales": 32586.82,
    "laborCost": 23786,
    "quantity": 12217.34,
    "estimator": "Stoltzfus Jr Isaac",
    "dateCreated": "2025-10-30T04:00:00.000Z",
    "archived": false,
    "active": false,
    "pmcBreakdown": {
      "Site Concrete Labor": 573,
      "Part": 0,
      "PM": 20,
      "Travel Labor": 24
    }
  },
  {
    "id": "p_61",
    "projectNumber": "(blank)",
    "projectName": "34 E Roseville Road",
    "customer": "Murry Communities, Ltd.",
    "status": "Bid Submitted",
    "sales": 61159.76,
    "cost": 45593.19,
    "hours": 536,
    "laborSales": 27909.91,
    "laborCost": 20674,
    "quantity": 7044.84,
    "estimator": "Steffy Rick",
    "dateCreated": "2025-12-04T05:00:00.000Z",
    "archived": false,
    "active": false,
    "pmcBreakdown": {
      "Part": 0,
      "Slab On Grade Labor": 120,
      "Foundation Labor": 340,
      "Subcontractor": 0,
      "Travel Labor": 58,
      "PM": 18
    }
  },
  {
    "id": "p_156",
    "projectNumber": "2508 - WD",
    "projectName": "Washburn Dam",
    "customer": "Berg Construction",
    "status": "In Progress",
    "sales": 56958.39,
    "cost": 38934.61,
    "hours": 495.2,
    "laborSales": 28563,
    "laborCost": 19042,
    "quantity": 3802.21,
    "estimator": "Steffy Rick",
    "dateCreated": "2025-08-29T04:00:00.000Z",
    "archived": false,
    "active": true,
    "pmcBreakdown": {
      "Site Concrete Labor": 366,
      "Part": 0,
      "Travel Labor": 116,
      "Subcontractor": 0,
      "Equipment": 0,
      "PM": 13.2
    }
  },
  {
    "id": "p_321",
    "projectNumber": "MHE - 24 - 001",
    "projectName": "MH Eby",
    "customer": "Hoover Building Specialists, Inc.",
    "status": "Bid Submitted",
    "sales": 55692.31,
    "cost": 41873.91,
    "hours": 249,
    "laborSales": 12119.64,
    "laborCost": 9112.5,
    "quantity": 9996.22,
    "estimator": "Steffy Rick",
    "dateCreated": "2024-12-23T05:00:00.000Z",
    "archived": false,
    "active": false,
    "pmcBreakdown": {
      "Part": 0,
      "1. Labor": 212,
      "Travel Labor": 23,
      "PM": 14
    }
  },
  {
    "id": "p_315",
    "projectNumber": "KP - 24 - 001",
    "projectName": "Krager Properties",
    "customer": "Hoover Building Specialists, Inc.",
    "status": "Bid Submitted",
    "sales": 54795.01,
    "cost": 41199.25,
    "hours": 230,
    "laborSales": 10963.2,
    "laborCost": 8243,
    "quantity": 641.04,
    "estimator": "Steffy Rick",
    "dateCreated": "2024-12-31T05:00:00.000Z",
    "archived": false,
    "active": false,
    "pmcBreakdown": {
      "Part": 0,
      "1. Labor": 204,
      "Travel Labor": 22,
      "PM": 4
    }
  },
  {
    "id": "p_323",
    "projectNumber": "HB - 24 - 001",
    "projectName": "Hearthside Building",
    "customer": "Double H Construction LLC",
    "status": "Bid Submitted",
    "sales": 54382.06,
    "cost": 39278.78,
    "hours": 324,
    "laborSales": 16566.9,
    "laborCost": 11833.5,
    "quantity": 11646.14,
    "estimator": "Steffy Rick",
    "dateCreated": "2024-12-20T05:00:00.000Z",
    "archived": false,
    "active": false,
    "pmcBreakdown": {
      "Part": 0,
      "1. Labor": 276,
      "Subcontractor": 0,
      "Travel Labor": 31,
      "PM": 17
    }
  },
  {
    "id": "p_19",
    "projectNumber": "(blank)",
    "projectName": "New Holland Pole Barn",
    "customer": "(blank)",
    "status": "Bid Submitted",
    "sales": 54355.95,
    "cost": 48188.15,
    "hours": 238,
    "laborSales": 10010.52,
    "laborCost": 10010.52,
    "quantity": 866.86,
    "estimator": "Steffy Rick",
    "dateCreated": "2026-01-26T05:00:00.000Z",
    "archived": false,
    "active": false,
    "pmcBreakdown": {}
  },
  {
    "id": "p_208",
    "projectNumber": "2507 - STSS",
    "projectName": "Superior Truss Storage Shed",
    "customer": "Hoover Building Specialists, Inc.",
    "status": "Bid Submitted",
    "sales": 52945.3,
    "cost": 39997.96,
    "hours": 325.6,
    "laborSales": 16614.9,
    "laborCost": 12492.4,
    "quantity": 1181.62,
    "estimator": "Steffy Rick",
    "dateCreated": "2025-07-02T04:00:00.000Z",
    "archived": false,
    "active": false,
    "pmcBreakdown": {
      "Part": 0,
      "Slab On Grade Labor": 192,
      "Site Concrete Labor": 72,
      "Travel Labor": 52.8,
      "Subcontractor": 0,
      "PM": 8.8
    }
  },
  {
    "id": "p_141",
    "projectNumber": "2509 - GS",
    "projectName": "Greenscapes",
    "customer": "Hench General Contracting, LLC",
    "status": "Bid Submitted",
    "sales": 52594.14,
    "cost": 39623.41,
    "hours": 397.5,
    "laborSales": 20372.29,
    "laborCost": 15317.5,
    "quantity": 9278.52,
    "estimator": "Steffy Rick",
    "dateCreated": "2025-09-16T04:00:00.000Z",
    "archived": false,
    "active": false,
    "pmcBreakdown": {
      "Part": 0,
      "Slab On Grade Labor": 228,
      "Site Concrete Labor": 114,
      "Travel Labor": 43,
      "Subcontractor": 0,
      "PM": 12.5
    }
  },
  {
    "id": "p_101",
    "projectNumber": "2510-SH",
    "projectName": "Smucker's Hardscape",
    "customer": "Hoover Building Specialists, Inc.",
    "status": "Bid Submitted",
    "sales": 52152.24,
    "cost": 39782.93,
    "hours": 258.9,
    "laborSales": 13197.2,
    "laborCost": 9922.7,
    "quantity": 1272.69,
    "estimator": "Swinehart Shelly",
    "dateCreated": "2025-10-20T04:00:00.000Z",
    "archived": false,
    "active": false,
    "pmcBreakdown": {
      "Part": 0,
      "Uncategorized": 0,
      "Slab On Grade Labor": 212,
      "Subcontractor": 0,
      "Site Concrete Labor": 24,
      "Travel Labor": 14.4,
      "PM": 8.5
    }
  },
  {
    "id": "p_329",
    "projectNumber": "LS-24-001",
    "projectName": "LStoltzfus",
    "customer": "Paradise Masonry, LLC",
    "status": "Complete",
    "sales": 51729.54,
    "cost": 40484.27,
    "hours": 153.44,
    "laborSales": 7081.47,
    "laborCost": 5447.29,
    "quantity": 17770.21,
    "estimator": "Stoltzfus Levi",
    "dateCreated": "2024-11-16T05:00:00.000Z",
    "archived": true,
    "active": false,
    "pmcBreakdown": {
      "Assembly": 71.4,
      "Subcontractor": 0,
      "Finish Labor": 74,
      "Part": 3.04,
      "Travel Labor": 5
    }
  },
  {
    "id": "p_154",
    "projectNumber": "2509-ORMS",
    "projectName": "Offroad Motorsports",
    "customer": "Hoover Building Specialists, Inc.",
    "status": "Bid Submitted",
    "sales": 48757.25,
    "cost": 36754.91,
    "hours": 374.58,
    "laborSales": 19145.4,
    "laborCost": 14395.04,
    "quantity": 1414.9,
    "estimator": "Swinehart Shelly",
    "dateCreated": "2025-09-02T04:00:00.000Z",
    "archived": false,
    "active": false,
    "pmcBreakdown": {
      "Part": 0,
      "Slab On Grade Labor": 252,
      "Travel Labor": 81.10000000000001,
      "Site Concrete Labor": 32,
      "Subcontractor": 0,
      "PM": 9.480000000000002
    }
  },
  {
    "id": "p_226",
    "projectNumber": "2506-WS",
    "projectName": "Wilson Southern Middle School",
    "customer": "BN Excavating Inc.",
    "status": "Bid Submitted",
    "sales": 48516.36,
    "cost": 36478.45,
    "hours": 316.5,
    "laborSales": 22270.19,
    "laborCost": 16744.5,
    "quantity": 8863.08,
    "estimator": "Stoltzfus Jr Isaac",
    "dateCreated": "2025-06-03T04:00:00.000Z",
    "archived": false,
    "active": false,
    "pmcBreakdown": {
      "Part": 0,
      "Site Concrete Labor": 267,
      "Travel Labor": 39,
      "PM": 10.5
    }
  },
  {
    "id": "p_221",
    "projectNumber": "2506 - HS604P",
    "projectName": "High Steel 604 Projects",
    "customer": "High Steel Structures, LLC",
    "status": "Bid Submitted",
    "sales": 48206.26,
    "cost": 37071.49,
    "hours": 499.77,
    "laborSales": 26068.98,
    "laborCost": 19310.35,
    "quantity": 1817.77,
    "estimator": "Steffy Rick",
    "dateCreated": "2025-06-12T04:00:00.000Z",
    "archived": false,
    "active": false,
    "pmcBreakdown": {
      "Foundation Labor": 196,
      "Part": 0,
      "Slab On Grade Labor": 160,
      "Wall Labor": 24,
      "Travel Labor": 57,
      "Excavation And Backfill Labor": 34,
      "Equipment": 0,
      "Subcontractor": 0,
      "PM": 18.77,
      "Stone Grading Labor": 10
    }
  },
  {
    "id": "p_250",
    "projectNumber": "TTS-25-001",
    "projectName": "The Trailer Shoppe",
    "customer": "Hoover Building Specialists, Inc.",
    "status": "Bid Submitted",
    "sales": 48144.85,
    "cost": 36199.15,
    "hours": 227.6,
    "laborSales": 11603.45,
    "laborCost": 8724.4,
    "quantity": 1204.4,
    "estimator": "Swinehart Shelly",
    "dateCreated": "2025-04-23T04:00:00.000Z",
    "archived": false,
    "active": false,
    "pmcBreakdown": {
      "Part": 0,
      "Slab On Grade Labor": 168,
      "Travel Labor": 36.800000000000004,
      "Site Concrete Labor": 16,
      "PM": 6.8
    }
  },
  {
    "id": "p_308",
    "projectNumber": "DCS=25-001",
    "projectName": "Denver Cold Storage Washington Street",
    "customer": "Hoover Building Specialists, Inc.",
    "status": "Bid Submitted",
    "sales": 48038.09,
    "cost": 36118.86,
    "hours": 401.02,
    "laborSales": 19193.51,
    "laborCost": 14431.21,
    "quantity": 1824.45,
    "estimator": "Swinehart Shelly",
    "dateCreated": "2025-01-16T05:00:00.000Z",
    "archived": false,
    "active": false,
    "pmcBreakdown": {
      "Part": 0,
      "1. Labor": 288.72,
      "Travel Labor": 100.3,
      "Assembly": 2,
      "PM": 10,
      "Uncategorized": 0
    }
  },
  {
    "id": "p_204",
    "projectNumber": "2507 - STLSA",
    "projectName": "Superior Truss Lumber Storage Addition",
    "customer": "Hoover Building Specialists, Inc.",
    "status": "Bid Submitted",
    "sales": 47395.79,
    "cost": 35825.4,
    "hours": 277.27,
    "laborSales": 14138.91,
    "laborCost": 10630.75,
    "quantity": 1200.19,
    "estimator": "Steffy Rick",
    "dateCreated": "2025-07-10T04:00:00.000Z",
    "archived": false,
    "active": false,
    "pmcBreakdown": {
      "Part": 0,
      "Slab On Grade Labor": 192,
      "Travel Labor": 44.8,
      "Subcontractor": 0,
      "Site Concrete Labor": 33,
      "PM": 7.470000000000001
    }
  },
  {
    "id": "p_271",
    "projectNumber": "MTB - 25 - 001",
    "projectName": "Morgan Truck Body",
    "customer": "Heck Construction",
    "status": "Lost",
    "sales": 46024.93,
    "cost": 34958.27,
    "hours": 445.8,
    "laborSales": 21971.93,
    "laborCost": 16645.4,
    "quantity": 5479.19,
    "estimator": "Steffy Rick",
    "dateCreated": "2025-03-26T04:00:00.000Z",
    "archived": false,
    "active": false,
    "pmcBreakdown": {
      "Part": 0,
      "Foundation Labor": 293,
      "Slab On Grade Labor": 72,
      "Travel Labor": 49.80000000000001,
      "PM": 31,
      "Subcontractor": 0
    }
  },
  {
    "id": "p_85",
    "projectNumber": "2511-SFM",
    "projectName": "Sauders Feedmill",
    "customer": "Hoover Building Specialists, Inc.",
    "status": "In Progress",
    "sales": 45108.44,
    "cost": 34105.59,
    "hours": 190.5,
    "laborSales": 9763.53,
    "laborCost": 7341,
    "quantity": 1248.72,
    "estimator": "Swinehart Shelly",
    "dateCreated": "2025-11-04T05:00:00.000Z",
    "archived": false,
    "active": true,
    "pmcBreakdown": {
      "Part": 0,
      "Slab On Grade Labor": 146,
      "Travel Labor": 30.5,
      "Subcontractor": 0,
      "Site Concrete Labor": 8,
      "PM": 6
    }
  },
  {
    "id": "p_285",
    "projectNumber": "CAL - 25 - 001",
    "projectName": "Clark Associates Lancaster",
    "customer": "B.R. Kreider & Son, Inc.",
    "status": "Complete",
    "sales": 44322.57,
    "cost": 33800.5,
    "hours": 472.49,
    "laborSales": 22394.21,
    "laborCost": 17063.95,
    "quantity": 11468.43,
    "estimator": "Steffy Rick",
    "dateCreated": "2025-03-04T05:00:00.000Z",
    "archived": false,
    "active": true,
    "pmcBreakdown": {
      "1. Labor": 433,
      "Part": 0,
      "Travel Labor": 24.59,
      "PM": 14.9
    }
  },
  {
    "id": "p_48",
    "projectNumber": "(blank)",
    "projectName": "Melard Coach",
    "customer": "Brecknock Builders LLC",
    "status": "Bid Submitted",
    "sales": 43816.32,
    "cost": 33531.5,
    "hours": 295.5,
    "laborSales": 15096.17,
    "laborCost": 11350.5,
    "quantity": 6418.59,
    "estimator": "Steffy Rick",
    "dateCreated": "2025-12-22T05:00:00.000Z",
    "archived": false,
    "active": false,
    "pmcBreakdown": {
      "Part": 0,
      "Slab On Grade Labor": 210,
      "Subcontractor": 0,
      "Travel Labor": 32,
      "Site Concrete Labor": 44,
      "PM": 9.5
    }
  },
  {
    "id": "p_178",
    "projectNumber": "2508 - NS",
    "projectName": "Nasatka Security",
    "customer": "Brecknock Builders LLC",
    "status": "Bid Submitted",
    "sales": 42948.41,
    "cost": 32589.78,
    "hours": 314.6,
    "laborSales": 16009.75,
    "laborCost": 12037.4,
    "quantity": 5164.85,
    "estimator": "Steffy Rick",
    "dateCreated": "2025-08-13T04:00:00.000Z",
    "archived": false,
    "active": false,
    "pmcBreakdown": {
      "Part": 0,
      "Slab On Grade Labor": 132,
      "Site Concrete Labor": 102,
      "Travel Labor": 66.8,
      "Subcontractor": 0,
      "Foundation Labor": 6,
      "PM": 7.800000000000001
    }
  },
  {
    "id": "p_3",
    "projectNumber": "(blank)",
    "projectName": "Landis Homes - Facilities Building",
    "customer": "Warfel Construction",
    "status": "Bid Submitted",
    "sales": 42685.4,
    "cost": 38714.59,
    "hours": 291,
    "laborSales": 24091.83,
    "laborCost": 22728.13,
    "quantity": 8208.74,
    "estimator": "Steffy Rick",
    "dateCreated": "2026-02-17T05:00:00.000Z",
    "archived": false,
    "active": false,
    "pmcBreakdown": {
      "Slab On Grade Labor": 247,
      "Part": 0,
      "Travel Labor": 35,
      "Subcontractor": 0,
      "PM": 9
    }
  },
  {
    "id": "p_303",
    "projectNumber": "SA - 25 - 001",
    "projectName": "Summerdale Apartments",
    "customer": "B.R. Kreider & Son, Inc.",
    "status": "Bid Submitted",
    "sales": 42515.95,
    "cost": 31966.86,
    "hours": 466.8,
    "laborSales": 22221.53,
    "laborCost": 16707.9,
    "quantity": 6779.49,
    "estimator": "Steffy Rick",
    "dateCreated": "2025-01-28T05:00:00.000Z",
    "archived": false,
    "active": false,
    "pmcBreakdown": {
      "1. Labor": 412,
      "Part": 0,
      "Travel Labor": 47.8,
      "PM": 7
    }
  },
  {
    "id": "p_173",
    "projectNumber": "2508 - NSA",
    "projectName": "Nasatka Security Addition",
    "customer": "Brecknock Builders LLC",
    "status": "Bid Submitted",
    "sales": 41232.4,
    "cost": 31299.55,
    "hours": 285.67,
    "laborSales": 14571.01,
    "laborCost": 10955.65,
    "quantity": 5889.19,
    "estimator": "Steffy Rick",
    "dateCreated": "2025-08-14T04:00:00.000Z",
    "archived": false,
    "active": false,
    "pmcBreakdown": {
      "Part": 0,
      "Slab On Grade Labor": 168,
      "Travel Labor": 60.6,
      "Site Concrete Labor": 44,
      "Subcontractor": 0,
      "PM": 7.07,
      "Foundation Labor": 6
    }
  },
  {
    "id": "p_18",
    "projectNumber": "(blank)",
    "projectName": "Distefano Landscape",
    "customer": "Hoover Building Specialists, Inc.",
    "status": "Bid Submitted",
    "sales": 40892.32,
    "cost": 31272.24,
    "hours": 218.5,
    "laborSales": 12225.17,
    "laborCost": 9191.86,
    "quantity": 971.58,
    "estimator": "Steffy Rick",
    "dateCreated": "2026-01-26T05:00:00.000Z",
    "archived": false,
    "active": false,
    "pmcBreakdown": {
      "Part": 0,
      "Slab On Grade Labor": 112,
      "Site Concrete Labor": 64,
      "Subcontractor": 0,
      "Travel Labor": 35.5,
      "PM": 7
    }
  },
  {
    "id": "p_217",
    "projectNumber": "2506 - HS604P",
    "projectName": "High Steel 604 Projects Hershey Excavating",
    "customer": "Hershey Excavating LLC",
    "status": "Bid Submitted",
    "sales": 40752.71,
    "cost": 28188.09,
    "hours": 440.67,
    "laborSales": 24595.7,
    "laborCost": 16962.55,
    "quantity": 1651.97,
    "estimator": "Steffy Rick",
    "dateCreated": "2025-06-17T04:00:00.000Z",
    "archived": false,
    "active": false,
    "pmcBreakdown": {
      "Foundation Labor": 196,
      "Part": 0,
      "Slab On Grade Labor": 160,
      "Wall Labor": 24,
      "Travel Labor": 47.9,
      "Subcontractor": 0,
      "PM": 12.77
    }
  },
  {
    "id": "p_74",
    "projectNumber": "2511-MRC",
    "projectName": "Mine Road Church",
    "customer": "Hoover Building Specialists, Inc.",
    "status": "In Progress",
    "sales": 40256.23,
    "cost": 30267.85,
    "hours": 307.5,
    "laborSales": 15823.68,
    "laborCost": 11897.5,
    "quantity": 2215.87,
    "estimator": "Swinehart Shelly",
    "dateCreated": "2025-11-14T05:00:00.000Z",
    "archived": false,
    "active": true,
    "pmcBreakdown": {
      "Part": 0,
      "Slab On Grade Labor": 124,
      "Site Concrete Labor": 160,
      "PM": 12.5,
      "Travel Labor": 11
    }
  },
  {
    "id": "p_128",
    "projectNumber": "2504-CC",
    "projectName": "California Closets",
    "customer": "Hoover Building Specialists, Inc.",
    "status": "Lost",
    "sales": 40066.61,
    "cost": 30628.72,
    "hours": 229,
    "laborSales": 11731.93,
    "laborCost": 8821,
    "quantity": 830.85,
    "estimator": "Swinehart Shelly",
    "dateCreated": "2025-09-26T04:00:00.000Z",
    "archived": false,
    "active": false,
    "pmcBreakdown": {
      "Part": 0,
      "Slab On Grade Labor": 173,
      "Travel Labor": 49,
      "Subcontractor": 0,
      "PM": 7
    }
  },
  {
    "id": "p_203",
    "projectNumber": "(blank)",
    "projectName": "Paneling Sales- North Building",
    "customer": "Hoover Building Specialists, Inc.",
    "status": "Complete",
    "sales": 39520.03,
    "cost": 29714.31,
    "hours": 248.53,
    "laborSales": 12695.58,
    "laborCost": 9545.55,
    "quantity": 1118.45,
    "estimator": "Swinehart Shelly",
    "dateCreated": "2025-07-11T04:00:00.000Z",
    "archived": false,
    "active": false,
    "pmcBreakdown": {
      "Part": 0,
      "Slab On Grade Labor": 166,
      "Site Concrete Labor": 48,
      "Travel Labor": 26.8,
      "PM": 7.73
    }
  },
  {
    "id": "p_224",
    "projectNumber": "25-06-ECWE",
    "projectName": "Eagle Car Wash Equipment",
    "customer": "Hoover Building Specialists, Inc.",
    "status": "Bid Submitted",
    "sales": 39472.32,
    "cost": 29976.18,
    "hours": 275.57,
    "laborSales": 14090.12,
    "laborCost": 10594.06,
    "quantity": 1185.48,
    "estimator": "Swinehart Shelly",
    "dateCreated": "2025-06-06T04:00:00.000Z",
    "archived": false,
    "active": false,
    "pmcBreakdown": {
      "Part": 0,
      "Slab On Grade Labor": 180,
      "Travel Labor": 51.99999999999999,
      "Subcontractor": 0,
      "Site Concrete Labor": 36.37,
      "PM": 7.199999999999999
    }
  },
  {
    "id": "p_96",
    "projectNumber": "2510 - TCS",
    "projectName": "Telford Contractor Storage",
    "customer": "Hoover Building Specialists, Inc.",
    "status": "Lost",
    "sales": 35973.79,
    "cost": 27047.97,
    "hours": 253,
    "laborSales": 12904.99,
    "laborCost": 9703,
    "quantity": 689.18,
    "estimator": "Steffy Rick",
    "dateCreated": "2025-10-29T04:00:00.000Z",
    "archived": false,
    "active": false,
    "pmcBreakdown": {
      "Part": 0,
      "Slab On Grade Labor": 120,
      "Travel Labor": 77,
      "Site Concrete Labor": 49,
      "PM": 7
    }
  },
  {
    "id": "p_310",
    "projectNumber": "CKRE - 25 - 001",
    "projectName": "Cross Keys Road Extension",
    "customer": "B.R. Kreider & Son, Inc.",
    "status": "Bid Submitted",
    "sales": 35783.1,
    "cost": 26904.58,
    "hours": 336,
    "laborSales": 15993.92,
    "laborCost": 12025.5,
    "quantity": 6898.75,
    "estimator": "Steffy Rick",
    "dateCreated": "2025-01-06T05:00:00.000Z",
    "archived": false,
    "active": false,
    "pmcBreakdown": {
      "1. Labor": 298,
      "Part": 0,
      "Travel Labor": 33,
      "PM": 5
    }
  },
  {
    "id": "p_27",
    "projectNumber": "(blank)",
    "projectName": "Rob Rush",
    "customer": "Scenic Ridge Construction",
    "status": "Bid Submitted",
    "sales": 35304.67,
    "cost": 32146.08,
    "hours": 173.5,
    "laborSales": 7344.78,
    "laborCost": 7344.78,
    "quantity": 2527.61,
    "estimator": "Steffy Rick",
    "dateCreated": "2026-01-21T05:00:00.000Z",
    "archived": false,
    "active": false,
    "pmcBreakdown": {
      "Subcontractor": 0,
      "Part": 0,
      "Slab On Grade Labor": 60,
      "Foundation Labor": 86,
      "Travel Labor": 18.5,
      "PM": 9
    }
  },
  {
    "id": "p_231",
    "projectNumber": "2505 - HM",
    "projectName": "Heritage Metalworks",
    "customer": "Hoover Building Specialists, Inc.",
    "status": "Bid Submitted",
    "sales": 34943.82,
    "cost": 26273.56,
    "hours": 222,
    "laborSales": 11355.54,
    "laborCost": 8538,
    "quantity": 863.62,
    "estimator": "Swinehart Shelly",
    "dateCreated": "2025-05-21T04:00:00.000Z",
    "archived": false,
    "active": false,
    "pmcBreakdown": {
      "Part": 0,
      "Slab On Grade Labor": 156,
      "Travel Labor": 36,
      "Site Concrete Labor": 24,
      "PM": 6
    }
  },
  {
    "id": "p_245",
    "projectNumber": "25050 - WCFB",
    "projectName": "Wildflower Commons - Future Building",
    "customer": "CGA Construction",
    "status": "Complete",
    "sales": 34009.89,
    "cost": 26171.76,
    "hours": 331.55,
    "laborSales": 16682.67,
    "laborCost": 12759.21,
    "quantity": 7794.31,
    "estimator": "Steffy Rick",
    "dateCreated": "2025-05-05T04:00:00.000Z",
    "archived": false,
    "active": false,
    "pmcBreakdown": {
      "Site Concrete Labor": 178.92,
      "Part": 0,
      "Slab On Grade Labor": 104,
      "Travel Labor": 39.2,
      "Subcontractor": 0,
      "PM": 9.43
    }
  },
  {
    "id": "p_44",
    "projectNumber": "(blank)",
    "projectName": "Mercersburg WWTP",
    "customer": "Precise Concrete Walls",
    "status": "Bid Submitted",
    "sales": 33917.45,
    "cost": 23410.34,
    "hours": 396.5,
    "laborSales": 30386.31,
    "laborCost": 20257.54,
    "quantity": 398.5,
    "estimator": "Steffy Rick",
    "dateCreated": "2025-12-30T05:00:00.000Z",
    "archived": false,
    "active": false,
    "pmcBreakdown": {
      "Slab On Grade Labor": 216,
      "Travel Labor": 173,
      "Equipment": 0,
      "PM": 7.5
    }
  },
  {
    "id": "p_166",
    "projectNumber": "2508 - KFCTP",
    "projectName": "Kettle And Fire Cooling Tower Pad",
    "customer": "High Construction Company",
    "status": "Bid Submitted",
    "sales": 33571.1,
    "cost": 26801.28,
    "hours": 200.2,
    "laborSales": 10253.77,
    "laborCost": 7709.6,
    "quantity": 1616.43,
    "estimator": "Steffy Rick",
    "dateCreated": "2025-08-22T04:00:00.000Z",
    "archived": false,
    "active": false,
    "pmcBreakdown": {
      "Part": 0,
      "Site Concrete Labor": 120,
      "Equipment": 0,
      "Excavation And Backfill Labor": 48,
      "Subcontractor": 0,
      "Travel Labor": 16.2,
      "Stone Grading Labor": 10,
      "PM": 6
    }
  },
  {
    "id": "p_33",
    "projectNumber": "(blank)",
    "projectName": "Cozy Cabins Shed",
    "customer": "Brecknock Builders LLC",
    "status": "Bid Submitted",
    "sales": 33311.53,
    "cost": 24714.35,
    "hours": 201.87,
    "laborSales": 10563.74,
    "laborCost": 7767.45,
    "quantity": 928.92,
    "estimator": "Steffy Rick",
    "dateCreated": "2026-01-12T05:00:00.000Z",
    "archived": false,
    "active": false,
    "pmcBreakdown": {
      "Part": 0,
      "Slab On Grade Labor": 170,
      "Travel Labor": 26.2,
      "Subcontractor": 0,
      "PM": 5.67
    }
  },
  {
    "id": "p_30",
    "projectNumber": "(blank)",
    "projectName": "DVGRR",
    "customer": "Heck Construction",
    "status": "Bid Submitted",
    "sales": 32525.13,
    "cost": 29792.97,
    "hours": 416.76,
    "laborSales": 12520.88,
    "laborCost": 12520.88,
    "quantity": 3697.2,
    "estimator": "Steffy Rick",
    "dateCreated": "2026-01-16T05:00:00.000Z",
    "archived": false,
    "active": false,
    "pmcBreakdown": {
      "Wall Labor": 204,
      "Part": 0,
      "Site Concrete Labor": 80.5,
      "Subcontractor": 0,
      "PM": 12.26,
      "Foundation Labor": 53,
      "Travel Labor": 67
    }
  },
  {
    "id": "p_11",
    "projectNumber": "(blank)",
    "projectName": "Spring Valley Church of God Interior Balcony",
    "customer": "Hoover Building Specialists, Inc.",
    "status": "Bid Submitted",
    "sales": 32294.19,
    "cost": 21482.93,
    "hours": 201,
    "laborSales": 17180.18,
    "laborCost": 8463.16,
    "quantity": 347.07,
    "estimator": "Swinehart Shelly",
    "dateCreated": "2026-02-04T05:00:00.000Z",
    "archived": false,
    "active": false,
    "pmcBreakdown": {
      "Part": 0,
      "Slab On Grade Labor": 160,
      "Travel Labor": 34,
      "Subcontractor": 0,
      "PM": 7
    }
  },
  {
    "id": "p_317",
    "projectNumber": "CTA - 24 - 001",
    "projectName": "Clark Transport Addition",
    "customer": "Hoover Building Specialists, Inc.",
    "status": "Lost",
    "sales": 31918.99,
    "cost": 24251.33,
    "hours": 256,
    "laborSales": 12268.6,
    "laborCost": 9224.5,
    "quantity": 554.85,
    "estimator": "Steffy Rick",
    "dateCreated": "2024-12-30T05:00:00.000Z",
    "archived": false,
    "active": false,
    "pmcBreakdown": {
      "Part": 0,
      "1. Labor": 220,
      "Travel Labor": 29,
      "Subcontractor": 0,
      "PM": 7
    }
  },
  {
    "id": "p_100",
    "projectNumber": "2510 - CMY",
    "projectName": "Country Meadows - York - Entrance",
    "customer": "CCS Building Group",
    "status": "Lost",
    "sales": 31526.49,
    "cost": 23878.63,
    "hours": 396.5,
    "laborSales": 20299.13,
    "laborCost": 15262.5,
    "quantity": 1567.47,
    "estimator": "Steffy Rick",
    "dateCreated": "2025-10-20T04:00:00.000Z",
    "archived": false,
    "active": false,
    "pmcBreakdown": {
      "Site Concrete Labor": 80,
      "Part": 0,
      "Slab On Grade Labor": 80,
      "Foundation Labor": 140,
      "Travel Labor": 85,
      "Subcontractor": 0,
      "PM": 11.5
    }
  },
  {
    "id": "p_157",
    "projectNumber": "2508-CCS",
    "projectName": "Cozy Cabins Shed",
    "customer": "Hoover Building Specialists, Inc.",
    "status": "Bid Submitted",
    "sales": 31414.13,
    "cost": 23809.13,
    "hours": 201.87,
    "laborSales": 10330.71,
    "laborCost": 7767.45,
    "quantity": 904.7,
    "estimator": "Swinehart Shelly",
    "dateCreated": "2025-08-29T04:00:00.000Z",
    "archived": false,
    "active": true,
    "pmcBreakdown": {
      "Part": 0,
      "Slab On Grade Labor": 170,
      "Subcontractor": 0,
      "Travel Labor": 26.2,
      "PM": 5.67
    }
  },
  {
    "id": "p_284",
    "projectNumber": "DA-25-001",
    "projectName": "Ducklings Ambassador Circle Site",
    "customer": "BN Excavating Inc.",
    "status": "Complete",
    "sales": 29424.97,
    "cost": 22124.03,
    "hours": 316.5,
    "laborSales": 15306.66,
    "laborCost": 11508.75,
    "quantity": 5016.54,
    "estimator": "Stoltzfus Jr Isaac",
    "dateCreated": "2025-03-05T05:00:00.000Z",
    "archived": false,
    "active": true,
    "pmcBreakdown": {
      "Part": 0,
      "1. Labor": 280,
      "Travel Labor": 22.5,
      "PM": 14,
      "Uncategorized": 0
    }
  },
  {
    "id": "p_149",
    "projectNumber": "2509 - PCR",
    "projectName": "701 Poplar Church Road",
    "customer": "Heck Construction",
    "status": "In Progress",
    "sales": 29350.19,
    "cost": 22195.51,
    "hours": 240.07,
    "laborSales": 12270.38,
    "laborCost": 9225.85,
    "quantity": 459.07,
    "estimator": "Steffy Rick",
    "dateCreated": "2025-09-04T04:00:00.000Z",
    "archived": false,
    "active": false,
    "pmcBreakdown": {
      "Part": 0,
      "Pour And Finish Labor": 132,
      "Travel Labor": 52,
      "Labor": 30,
      "Slab On Grade Labor": 20,
      "Subcontractor": 0,
      "PM": 6.07
    }
  },
  {
    "id": "p_80",
    "projectNumber": "2511 - CPAC",
    "projectName": "Cavod Performing Arts Center",
    "customer": "(blank)",
    "status": "Bid Submitted",
    "sales": 28586.47,
    "cost": 21596.69,
    "hours": 157,
    "laborSales": 8157.38,
    "laborCost": 6042.5,
    "quantity": 6488.47,
    "estimator": "Steffy Rick",
    "dateCreated": "2025-11-10T05:00:00.000Z",
    "archived": false,
    "active": false,
    "pmcBreakdown": {}
  },
  {
    "id": "p_248",
    "projectNumber": "SFM-25-001",
    "projectName": "Stevens Feed Mill-Denver",
    "customer": "Hoover Building Specialists, Inc.",
    "status": "Bid Submitted",
    "sales": 27768.64,
    "cost": 21057.42,
    "hours": 167.73,
    "laborSales": 8566.2,
    "laborCost": 6440.75,
    "quantity": 555.42,
    "estimator": "Swinehart Shelly",
    "dateCreated": "2025-04-29T04:00:00.000Z",
    "archived": false,
    "active": false,
    "pmcBreakdown": {
      "Part": 0,
      "Slab On Grade Labor": 132,
      "Subcontractor": 0,
      "Travel Labor": 27.2,
      "PM": 4.53,
      "Site Concrete Labor": 4
    }
  },
  {
    "id": "p_281",
    "projectNumber": "(blank)",
    "projectName": "Paneling Sales- Pine Building",
    "customer": "Hoover Building Specialists, Inc.",
    "status": "Complete",
    "sales": 27523.88,
    "cost": 20992.4,
    "hours": 158.6,
    "laborSales": 7643.91,
    "laborCost": 5747.3,
    "quantity": 752.25,
    "estimator": "Swinehart Shelly",
    "dateCreated": "2025-03-14T04:00:00.000Z",
    "archived": false,
    "active": false,
    "pmcBreakdown": {
      "Part": 0,
      "Slab On Grade Labor": 144,
      "Subcontractor": 0,
      "PM": 6,
      "Site Concrete Labor": 4,
      "Travel Labor": 4.6
    }
  },
  {
    "id": "p_123",
    "projectNumber": "PMC Time",
    "projectName": "Paradise Masonry Time Tracking",
    "customer": "(blank)",
    "status": "Estimating",
    "sales": 27325.17,
    "cost": 27325.17,
    "hours": 39,
    "laborSales": 1482,
    "laborCost": 1482,
    "quantity": 57,
    "estimator": "Gilmore Todd",
    "dateCreated": "2025-10-02T04:00:00.000Z",
    "archived": false,
    "active": true,
    "pmcBreakdown": {}
  },
  {
    "id": "p_92",
    "projectNumber": "2510 - LSW",
    "projectName": "Lebanon Steel Works",
    "customer": "Heck Construction",
    "status": "Bid Submitted",
    "sales": 26344.44,
    "cost": 19436.95,
    "hours": 200.5,
    "laborSales": 15356.33,
    "laborCost": 11047.72,
    "quantity": 1878.51,
    "estimator": "Steffy Rick",
    "dateCreated": "2025-10-30T04:00:00.000Z",
    "archived": false,
    "active": false,
    "pmcBreakdown": {
      "Slab On Grade Labor": 96,
      "Part": 0,
      "Foundation Labor": 48,
      "Travel Labor": 43.5,
      "Subcontractor": 0,
      "Site Concrete Labor": 6,
      "PM": 7
    }
  },
  {
    "id": "p_319",
    "projectNumber": "SD - 24 - 001",
    "projectName": "Shank Door Wash Bay",
    "customer": "Hoover Building Specialists, Inc.",
    "status": "Lost",
    "sales": 25981.27,
    "cost": 19609,
    "hours": 178,
    "laborSales": 8585.83,
    "laborCost": 6455.5,
    "quantity": 336.69,
    "estimator": "Steffy Rick",
    "dateCreated": "2024-12-30T05:00:00.000Z",
    "archived": false,
    "active": false,
    "pmcBreakdown": {
      "Part": 0,
      "1. Labor": 154,
      "Subcontractor": 0,
      "Travel Labor": 17,
      "PM": 7
    }
  },
  {
    "id": "p_104",
    "projectNumber": "2510 - LCS",
    "projectName": "Harrisburg Christian School",
    "customer": "Centurion Construction Group, LLC",
    "status": "Complete",
    "sales": 25756.08,
    "cost": 15350.28,
    "hours": 208,
    "laborSales": 17594.5,
    "laborCost": 7997.5,
    "quantity": 3594.87,
    "estimator": "Steffy Rick",
    "dateCreated": "2025-10-15T04:00:00.000Z",
    "archived": false,
    "active": false,
    "pmcBreakdown": {
      "Site Concrete Labor": 157,
      "Part": 0,
      "Travel Labor": 45.5,
      "PM": 5.5
    }
  },
  {
    "id": "p_177",
    "projectNumber": "2508 - A",
    "projectName": "Alza",
    "customer": "Brecknock Builders LLC",
    "status": "Bid Submitted",
    "sales": 25556.52,
    "cost": 19341.76,
    "hours": 91.36,
    "laborSales": 4618.69,
    "laborCost": 3472.7,
    "quantity": 721.04,
    "estimator": "Steffy Rick",
    "dateCreated": "2025-08-13T04:00:00.000Z",
    "archived": false,
    "active": false,
    "pmcBreakdown": {
      "Part": 0,
      "Site Concrete Labor": 77,
      "Subcontractor": 0,
      "Travel Labor": 11.799999999999999,
      "PM": 2.56
    }
  },
  {
    "id": "p_306",
    "projectNumber": "MTL-25-001",
    "projectName": "McIlvaine Tree and Lawn",
    "customer": "Hoover Building Specialists, Inc.",
    "status": "Bid Submitted",
    "sales": 25501.15,
    "cost": 19173.8,
    "hours": 151.6,
    "laborSales": 7287.47,
    "laborCost": 5479.3,
    "quantity": 667.06,
    "estimator": "Swinehart Shelly",
    "dateCreated": "2025-01-17T05:00:00.000Z",
    "archived": false,
    "active": false,
    "pmcBreakdown": {
      "Part": 0,
      "1. Labor": 112,
      "Travel Labor": 34.6,
      "PM": 5
    }
  },
  {
    "id": "p_309",
    "projectNumber": "MBG - 25 - 001",
    "projectName": "MB Glick",
    "customer": "Hoover Building Specialists, Inc.",
    "status": "Delayed",
    "sales": 25324.32,
    "cost": 19040.84,
    "hours": 140,
    "laborSales": 6817.59,
    "laborCost": 5126,
    "quantity": 665.07,
    "estimator": "Steffy Rick",
    "dateCreated": "2025-01-14T05:00:00.000Z",
    "archived": false,
    "active": false,
    "pmcBreakdown": {
      "Part": 0,
      "1. Labor": 116,
      "Travel Labor": 16,
      "PM": 8
    }
  },
  {
    "id": "p_241",
    "projectNumber": "2505-MV",
    "projectName": "MVFD-Sitework",
    "customer": "B.R. Kreider & Son, Inc.",
    "status": "Lost",
    "sales": 23476.34,
    "cost": 17389.88,
    "hours": 152,
    "laborSales": 11045.04,
    "laborCost": 8181.5,
    "quantity": 4092.14,
    "estimator": "Stoltzfus Jr Isaac",
    "dateCreated": "2025-05-08T04:00:00.000Z",
    "archived": false,
    "active": false,
    "pmcBreakdown": {
      "Part": 0,
      "Site Concrete Labor": 119,
      "Travel Labor": 28,
      "PM": 5
    }
  },
  {
    "id": "p_176",
    "projectNumber": "2508 - PCS",
    "projectName": "Paragon Computing Solutions",
    "customer": "Hoover Building Specialists, Inc.",
    "status": "In Progress",
    "sales": 22314.01,
    "cost": 16902.44,
    "hours": 152.05,
    "laborSales": 7780.71,
    "laborCost": 5850.15,
    "quantity": 706.07,
    "estimator": "Steffy Rick",
    "dateCreated": "2025-08-14T04:00:00.000Z",
    "archived": false,
    "active": false,
    "pmcBreakdown": {
      "Part": 0,
      "Slab On Grade Labor": 128,
      "Subcontractor": 0,
      "Travel Labor": 19.8,
      "PM": 4.25
    }
  },
  {
    "id": "p_12",
    "projectNumber": "(blank)",
    "projectName": "Weaver Industries",
    "customer": "Heck Construction",
    "status": "Bid Submitted",
    "sales": 21530.19,
    "cost": 12615.08,
    "hours": 164.5,
    "laborSales": 14896.53,
    "laborCost": 6896.54,
    "quantity": 266.5,
    "estimator": "Steffy Rick",
    "dateCreated": "2026-02-02T05:00:00.000Z",
    "archived": false,
    "active": false,
    "pmcBreakdown": {
      "Foundation Labor": 100,
      "Part": 0,
      "Excavation And Backfill Labor": 40,
      "Travel Labor": 21,
      "Subcontractor": 0,
      "Equipment": 0,
      "PM": 3.5
    }
  },
  {
    "id": "p_312",
    "projectNumber": "LH - 25 - 001",
    "projectName": "Landis Homes Healthcare Suite",
    "customer": "Ebersole Builders",
    "status": "Bid Submitted",
    "sales": 20977.09,
    "cost": 15850.6,
    "hours": 217,
    "laborSales": 10556.9,
    "laborCost": 7937.5,
    "quantity": 2548.62,
    "estimator": "Steffy Rick",
    "dateCreated": "2025-01-06T05:00:00.000Z",
    "archived": false,
    "active": true,
    "pmcBreakdown": {
      "1. Labor": 162,
      "Part": 0,
      "Foundation Labor": 22,
      "Subcontractor": 0,
      "Travel Labor": 21,
      "PM": 12
    }
  },
  {
    "id": "p_314",
    "projectNumber": "LH - 25 - 001",
    "projectName": "Landis Homes Healthcare Suite",
    "customer": "Heck Construction",
    "status": "Bid Submitted",
    "sales": 20977.09,
    "cost": 15850.6,
    "hours": 217,
    "laborSales": 10556.9,
    "laborCost": 7937.5,
    "quantity": 2548.62,
    "estimator": "Steffy Rick",
    "dateCreated": "2025-01-03T05:00:00.000Z",
    "archived": false,
    "active": false,
    "pmcBreakdown": {
      "1. Labor": 162,
      "Part": 0,
      "Foundation Labor": 22,
      "Subcontractor": 0,
      "Travel Labor": 21,
      "PM": 12
    }
  },
  {
    "id": "p_82",
    "projectNumber": "2511-SVCOG",
    "projectName": "Spring Valley Church of God",
    "customer": "Hoover Building Specialists, Inc.",
    "status": "Bid Submitted",
    "sales": 20578.6,
    "cost": 15472.64,
    "hours": 195.5,
    "laborSales": 9994.29,
    "laborCost": 7514.5,
    "quantity": 1474.25,
    "estimator": "Swinehart Shelly",
    "dateCreated": "2025-11-05T05:00:00.000Z",
    "archived": false,
    "active": false,
    "pmcBreakdown": {
      "Site Concrete Labor": 157,
      "Part": 0,
      "Travel Labor": 32,
      "PM": 6.5
    }
  },
  {
    "id": "p_163",
    "projectNumber": "2508-DCP",
    "projectName": "Deck Craft Plus",
    "customer": "Brecknock Builders LLC",
    "status": "Bid Submitted",
    "sales": 19918.56,
    "cost": 15142.82,
    "hours": 144.5,
    "laborSales": 7438.69,
    "laborCost": 5593,
    "quantity": 875.63,
    "estimator": "Swinehart Shelly",
    "dateCreated": "2025-08-25T04:00:00.000Z",
    "archived": false,
    "active": false,
    "pmcBreakdown": {
      "Part": 0,
      "Slab On Grade Labor": 120,
      "Subcontractor": 0,
      "Travel Labor": 18.5,
      "PM": 6
    }
  },
  {
    "id": "p_331",
    "projectNumber": "(blank)",
    "projectName": "Stevens Feed Mill (Jr's. Demo Project)",
    "customer": "Paradise Masonry, LLC",
    "status": "Estimating",
    "sales": 19884.68,
    "cost": 19884.68,
    "hours": 92.25,
    "laborSales": 3505.55,
    "laborCost": 3505.55,
    "quantity": 2740.92,
    "estimator": "Steffy Rick",
    "dateCreated": "2024-10-29T04:00:00.000Z",
    "archived": true,
    "active": false,
    "pmcBreakdown": {
      "Part": 0,
      "Slab On Grade Labor": 92.25,
      "Assembly": 0,
      "Subcontractor": 0,
      "Equipment": 0,
      "PM": 0,
      "Travel Labor": 0,
      "Site Concrete Labor": 0
    }
  },
  {
    "id": "p_160",
    "projectNumber": "2528 - EASS",
    "projectName": "EASS Renovation",
    "customer": "Heck Construction",
    "status": "Lost",
    "sales": 18763.94,
    "cost": 14019.63,
    "hours": 193.65,
    "laborSales": 11515.58,
    "laborCost": 8593.72,
    "quantity": 1412.69,
    "estimator": "Steffy Rick",
    "dateCreated": "2025-08-28T04:00:00.000Z",
    "archived": false,
    "active": false,
    "pmcBreakdown": {
      "Foundation Labor": 118,
      "Part": 0,
      "Site Concrete Labor": 39,
      "Travel Labor": 31.400000000000002,
      "PM": 5.25,
      "Subcontractor": 0
    }
  },
  {
    "id": "p_286",
    "projectNumber": "GBA-25-001",
    "projectName": "Golden Barrel Addition",
    "customer": "Hoover Building Specialists, Inc.",
    "status": "Lost",
    "sales": 17991.96,
    "cost": 13527.82,
    "hours": 116.13,
    "laborSales": 5638.7,
    "laborCost": 4239.63,
    "quantity": 831.27,
    "estimator": "Swinehart Shelly",
    "dateCreated": "2025-03-04T05:00:00.000Z",
    "archived": false,
    "active": false,
    "pmcBreakdown": {
      "Part": 0,
      "1. Labor": 106,
      "PM": 6,
      "Travel Labor": 4.13
    }
  },
  {
    "id": "p_213",
    "projectNumber": "(blank)",
    "projectName": "John Stoltzfus",
    "customer": "(blank)",
    "status": "Estimating",
    "sales": 17602.51,
    "cost": 17602.51,
    "hours": 0,
    "laborSales": 0,
    "laborCost": 0,
    "quantity": 3756.74,
    "estimator": "Stoltzfus Jr Isaac",
    "dateCreated": "2025-06-25T04:00:00.000Z",
    "archived": true,
    "active": false,
    "pmcBreakdown": {}
  },
  {
    "id": "p_32",
    "projectNumber": "(blank)",
    "projectName": "218 East Madison Street",
    "customer": "Heck Construction",
    "status": "Bid Submitted",
    "sales": 17071.11,
    "cost": 15390.19,
    "hours": 130,
    "laborSales": 5008,
    "laborCost": 5008,
    "quantity": 4793.42,
    "estimator": "Steffy Rick",
    "dateCreated": "2026-01-14T05:00:00.000Z",
    "archived": false,
    "active": false,
    "pmcBreakdown": {
      "Part": 0,
      "Slab On Grade Labor": 112,
      "Subcontractor": 0,
      "Travel Labor": 14,
      "PM": 4
    }
  },
  {
    "id": "p_255",
    "projectNumber": "WKS - 25 - 001",
    "projectName": "West King Street",
    "customer": "CCS Building Group",
    "status": "Lost",
    "sales": 13256.13,
    "cost": 10428.81,
    "hours": 127.7,
    "laborSales": 6596.91,
    "laborCost": 4886.6,
    "quantity": 418.83,
    "estimator": "Steffy Rick",
    "dateCreated": "2025-04-11T04:00:00.000Z",
    "archived": false,
    "active": false,
    "pmcBreakdown": {
      "Wall Labor": 48,
      "Site Concrete Labor": 30,
      "Subcontractor": 0,
      "Excavation And Backfill Labor": 20,
      "Foundation Labor": 26,
      "Equipment": 0,
      "Part": 0,
      "PM": 2,
      "Travel Labor": 1.7
    }
  },
  {
    "id": "p_56",
    "projectNumber": "(blank)",
    "projectName": "Members First Gettysburg",
    "customer": "Centurion Construction Group, LLC",
    "status": "Bid Submitted",
    "sales": 13208.07,
    "cost": 8805.38,
    "hours": 137,
    "laborSales": 7987.5,
    "laborCost": 5325,
    "quantity": 731.55,
    "estimator": "Stoltzfus Jr Isaac",
    "dateCreated": "2025-12-15T05:00:00.000Z",
    "archived": false,
    "active": false,
    "pmcBreakdown": {
      "Site Concrete Labor": 78,
      "Part": 0,
      "Travel Labor": 37,
      "Foundation Labor": 15,
      "PM": 7
    }
  },
  {
    "id": "p_289",
    "projectNumber": "TAM-25-001",
    "projectName": "Tamaqua Truck and Trailer",
    "customer": "Hoover Building Specialists, Inc.",
    "status": "Lost",
    "sales": 13116.28,
    "cost": 9861.85,
    "hours": 134,
    "laborSales": 6456.5,
    "laborCost": 4854.5,
    "quantity": 535,
    "estimator": "Swinehart Shelly",
    "dateCreated": "2025-02-20T05:00:00.000Z",
    "archived": false,
    "active": false,
    "pmcBreakdown": {
      "Part": 0,
      "1. Labor": 86,
      "Travel Labor": 43,
      "PM": 5,
      "Uncategorized": 0
    }
  },
  {
    "id": "p_79",
    "projectNumber": "2511 - WRR",
    "projectName": "Wellspan Rothsville Ramp",
    "customer": "Heck Construction",
    "status": "Bid Submitted",
    "sales": 13100.97,
    "cost": 9376.53,
    "hours": 140.5,
    "laborSales": 7889.45,
    "laborCost": 5441,
    "quantity": 750.36,
    "estimator": "Steffy Rick",
    "dateCreated": "2025-11-10T05:00:00.000Z",
    "archived": false,
    "active": false,
    "pmcBreakdown": {
      "Site Concrete Labor": 82,
      "Excavation And Backfill Labor": 36,
      "Part": 0,
      "Equipment": 0,
      "Travel Labor": 16.5,
      "Subcontractor": 0,
      "PM": 6
    }
  },
  {
    "id": "p_131",
    "projectNumber": "2509 - BAPH",
    "projectName": "Butler Annville Pump House",
    "customer": "J.E. Horst Building and Remodeling",
    "status": "In Progress",
    "sales": 11574.42,
    "cost": 8828.48,
    "hours": 148,
    "laborSales": 7570.36,
    "laborCost": 5692,
    "quantity": 860.14,
    "estimator": "Steffy Rick",
    "dateCreated": "2025-09-24T04:00:00.000Z",
    "archived": false,
    "active": true,
    "pmcBreakdown": {
      "Slab On Grade Labor": 112,
      "Part": 0,
      "Travel Labor": 32,
      "Subcontractor": 0,
      "PM": 4
    }
  },
  {
    "id": "p_185",
    "projectNumber": "2508-CCM",
    "projectName": "Cozy Cabins Mezzanine 2025",
    "customer": "Hoover Building Specialists, Inc.",
    "status": "Bid Submitted",
    "sales": 11553.41,
    "cost": 8835.95,
    "hours": 98.67,
    "laborSales": 5047.15,
    "laborCost": 3794.85,
    "quantity": 354.24,
    "estimator": "Swinehart Shelly",
    "dateCreated": "2025-08-11T04:00:00.000Z",
    "archived": false,
    "active": false,
    "pmcBreakdown": {
      "Slab On Grade Labor": 80,
      "Part": 0,
      "Subcontractor": 0,
      "Travel Labor": 16,
      "PM": 2.67
    }
  },
  {
    "id": "p_84",
    "projectNumber": "2511 - RPS",
    "projectName": "Railroad Preservation Society",
    "customer": "Heck Construction",
    "status": "Bid Submitted",
    "sales": 11206.41,
    "cost": 8235.94,
    "hours": 98,
    "laborSales": 5332.6,
    "laborCost": 3809,
    "quantity": 683.73,
    "estimator": "Steffy Rick",
    "dateCreated": "2025-11-04T05:00:00.000Z",
    "archived": false,
    "active": false,
    "pmcBreakdown": {
      "Part": 0,
      "Foundation Labor": 50,
      "Slab On Grade Labor": 18,
      "Subcontractor": 0,
      "Travel Labor": 21,
      "Site Concrete Labor": 4,
      "PM": 5,
      "Uncategorized": 0
    }
  },
  {
    "id": "p_59",
    "projectNumber": "(blank)",
    "projectName": "Center Mennonite Church",
    "customer": "Hoover Building Specialists, Inc.",
    "status": "Bid Submitted",
    "sales": 9998.93,
    "cost": 7517.99,
    "hours": 122,
    "laborSales": 6267.63,
    "laborCost": 4712.5,
    "quantity": 1172.84,
    "estimator": "Swinehart Shelly",
    "dateCreated": "2025-12-08T05:00:00.000Z",
    "archived": false,
    "active": false,
    "pmcBreakdown": {
      "Site Concrete Labor": 104,
      "Part": 0,
      "Travel Labor": 13.5,
      "PM": 4.5
    }
  },
  {
    "id": "p_113",
    "projectNumber": "2510 - SRB",
    "projectName": "Strasburg Railroad Bathroom",
    "customer": "Heck Construction",
    "status": "Bid Submitted",
    "sales": 9180.37,
    "cost": 6965.68,
    "hours": 77,
    "laborSales": 3982.02,
    "laborCost": 2994,
    "quantity": 889.33,
    "estimator": "Steffy Rick",
    "dateCreated": "2025-10-08T04:00:00.000Z",
    "archived": false,
    "active": false,
    "pmcBreakdown": {
      "Part": 0,
      "Foundation Labor": 36,
      "Slab On Grade Labor": 32,
      "Subcontractor": 0,
      "PM": 4,
      "Travel Labor": 5
    }
  },
  {
    "id": "p_162",
    "projectNumber": "2508 - LC",
    "projectName": "Loft Community Partners",
    "customer": "CCS Building Group",
    "status": "Complete",
    "sales": 9085.99,
    "cost": 7526.58,
    "hours": 108,
    "laborSales": 5060.51,
    "laborCost": 4172,
    "quantity": 1437.99,
    "estimator": "Stoltzfus Jr Isaac",
    "dateCreated": "2025-08-26T04:00:00.000Z",
    "archived": false,
    "active": true,
    "pmcBreakdown": {
      "Slab On Grade Labor": 95,
      "Part": 0,
      "Travel Labor": 9,
      "PM": 4
    }
  },
  {
    "id": "p_5",
    "projectNumber": "(blank)",
    "projectName": "Dormakaba Reamstown",
    "customer": "Heck Construction",
    "status": "Bid Submitted",
    "sales": 7084.96,
    "cost": 6587.87,
    "hours": 65,
    "laborSales": 5380.91,
    "laborCost": 5076.33,
    "quantity": 109.04,
    "estimator": "Steffy Rick",
    "dateCreated": "2026-02-12T05:00:00.000Z",
    "archived": false,
    "active": false,
    "pmcBreakdown": {
      "Slab On Grade Labor": 55,
      "Travel Labor": 8,
      "Subcontractor": 0,
      "Equipment": 0,
      "Part": 0,
      "PM": 2
    }
  },
  {
    "id": "p_187",
    "projectNumber": "2505 - G852P",
    "projectName": "Gables 852 Patio",
    "customer": "CCS Building Group",
    "status": "Complete",
    "sales": 6316.1,
    "cost": 4492.48,
    "hours": 74,
    "laborSales": 4126.7,
    "laborCost": 2846,
    "quantity": 109.23,
    "estimator": "Steffy Rick",
    "dateCreated": "2025-08-08T04:00:00.000Z",
    "archived": false,
    "active": false,
    "pmcBreakdown": {
      "Slab On Grade Labor": 72,
      "Part": 0,
      "Equipment": 0,
      "PM": 2,
      "Subcontractor": 0
    }
  },
  {
    "id": "p_246",
    "projectNumber": "(blank)",
    "projectName": "Gables 833 Patio",
    "customer": "CCS Building Group",
    "status": "Complete",
    "sales": 6316.1,
    "cost": 4492.48,
    "hours": 74,
    "laborSales": 4126.7,
    "laborCost": 2846,
    "quantity": 109.23,
    "estimator": "Steffy Rick",
    "dateCreated": "2025-05-01T04:00:00.000Z",
    "archived": false,
    "active": false,
    "pmcBreakdown": {
      "Slab On Grade Labor": 72,
      "Part": 0,
      "Equipment": 0,
      "PM": 2,
      "Subcontractor": 0
    }
  },
  {
    "id": "p_209",
    "projectNumber": "2506 - GP",
    "projectName": "Gables 608 Patio",
    "customer": "CCS Building Group",
    "status": "Complete",
    "sales": 6312.1,
    "cost": 4489.73,
    "hours": 74,
    "laborSales": 4126.7,
    "laborCost": 2846,
    "quantity": 108.79,
    "estimator": "Steffy Rick",
    "dateCreated": "2025-06-30T04:00:00.000Z",
    "archived": false,
    "active": false,
    "pmcBreakdown": {
      "Slab On Grade Labor": 72,
      "Part": 0,
      "Equipment": 0,
      "PM": 2,
      "Subcontractor": 0
    }
  },
  {
    "id": "p_275",
    "projectNumber": "PI-25-002",
    "projectName": "Parking Garage Infill",
    "customer": "CCS Building Group",
    "status": "Complete",
    "sales": 5808.63,
    "cost": 4644.91,
    "hours": 51,
    "laborSales": 2485.77,
    "laborCost": 1869,
    "quantity": 445.75,
    "estimator": "Stoltzfus Jr Isaac",
    "dateCreated": "2025-03-20T04:00:00.000Z",
    "archived": false,
    "active": false,
    "pmcBreakdown": {
      "Wall Labor": 48,
      "Equipment": 0,
      "Subcontractor": 0,
      "Part": 0,
      "PM": 3
    }
  },
  {
    "id": "p_294",
    "projectNumber": "PI-25-001",
    "projectName": "Parking Garage Infill at 17 W. Vine Street",
    "customer": "CCS Building Group",
    "status": "Complete",
    "sales": 5808.63,
    "cost": 4644.91,
    "hours": 51,
    "laborSales": 2485.77,
    "laborCost": 1869,
    "quantity": 445.75,
    "estimator": "Stoltzfus Jr Isaac",
    "dateCreated": "2025-02-13T05:00:00.000Z",
    "archived": true,
    "active": false,
    "pmcBreakdown": {
      "Wall Labor": 48,
      "Equipment": 0,
      "Subcontractor": 0,
      "Part": 0,
      "PM": 3
    }
  },
  {
    "id": "p_302",
    "projectNumber": "CAM-25-001",
    "projectName": "Christian Aid Ministry",
    "customer": "Hoover Building Specialists, Inc.",
    "status": "Delayed",
    "sales": 5334.01,
    "cost": 4107.61,
    "hours": 55.6,
    "laborSales": 2846.2,
    "laborCost": 2140,
    "quantity": 70.45,
    "estimator": "Swinehart Shelly",
    "dateCreated": "2025-01-31T05:00:00.000Z",
    "archived": false,
    "active": false,
    "pmcBreakdown": {
      "Slab On Grade Labor": 48,
      "Part": 0,
      "Subcontractor": 0,
      "Travel Labor": 6,
      "PM": 1.6
    }
  },
  {
    "id": "p_318",
    "projectNumber": "NHR -  24 - 001",
    "projectName": "New Haven Restrooms",
    "customer": "Hoover Building Specialists, Inc.",
    "status": "Lost",
    "sales": 5314.43,
    "cost": 3995.81,
    "hours": 49,
    "laborSales": 2365.41,
    "laborCost": 1778.5,
    "quantity": 996.25,
    "estimator": "Steffy Rick",
    "dateCreated": "2024-12-30T05:00:00.000Z",
    "archived": false,
    "active": false,
    "pmcBreakdown": {
      "Part": 0,
      "1. Labor": 40,
      "Travel Labor": 7,
      "PM": 2
    }
  },
  {
    "id": "p_114",
    "projectNumber": "2510 - LCR",
    "projectName": "WVC - Lakes Phase I",
    "customer": "CCS Building Group",
    "status": "In Progress",
    "sales": 3878.01,
    "cost": 3009.77,
    "hours": 42.5,
    "laborSales": 2193.17,
    "laborCost": 1649,
    "quantity": 76.57,
    "estimator": "Steffy Rick",
    "dateCreated": "2025-10-07T04:00:00.000Z",
    "archived": false,
    "active": true,
    "pmcBreakdown": {
      "Site Concrete Labor": 20,
      "Excavation And Backfill Labor": 16,
      "Part": 0,
      "Equipment": 0,
      "Subcontractor": 0,
      "Travel Labor": 4.5,
      "PM": 2
    }
  },
  {
    "id": "p_292",
    "projectNumber": "ZIM-25-001",
    "projectName": "Zimmeys Auto 24-145",
    "customer": "J.E. Horst Building and Remodeling",
    "status": "Delayed",
    "sales": 3808.33,
    "cost": 3808.33,
    "hours": 69,
    "laborSales": 2508,
    "laborCost": 2508,
    "quantity": 186.85,
    "estimator": "Swinehart Shelly",
    "dateCreated": "2025-02-19T05:00:00.000Z",
    "archived": false,
    "active": false,
    "pmcBreakdown": {
      "1. Labor": 60,
      "Part": 0,
      "Travel Labor": 6,
      "PM": 3
    }
  },
  {
    "id": "p_159",
    "projectNumber": "2508 - JM",
    "projectName": "Jersey Mikes WVA",
    "customer": "CCS Building Group",
    "status": "Lost",
    "sales": 3528.91,
    "cost": 2633.52,
    "hours": 41.7,
    "laborSales": 2150.7,
    "laborCost": 1605,
    "quantity": 73.79,
    "estimator": "Steffy Rick",
    "dateCreated": "2025-08-28T04:00:00.000Z",
    "archived": false,
    "active": false,
    "pmcBreakdown": {
      "Slab On Grade Labor": 36,
      "Part": 0,
      "Travel Labor": 4.5,
      "PM": 1.2
    }
  },
  {
    "id": "p_130",
    "projectNumber": "2509 - GB",
    "projectName": "Guardian Barriers",
    "customer": "Heck Construction",
    "status": "Complete",
    "sales": 3216.66,
    "cost": 2418.53,
    "hours": 43,
    "laborSales": 2207.14,
    "laborCost": 1659.5,
    "quantity": 56.35,
    "estimator": "Steffy Rick",
    "dateCreated": "2025-09-25T04:00:00.000Z",
    "archived": false,
    "active": true,
    "pmcBreakdown": {
      "Slab On Grade Labor": 36,
      "Part": 0,
      "Travel Labor": 5.5,
      "PM": 1.5
    }
  },
  {
    "id": "p_164",
    "projectNumber": "0825-RK",
    "projectName": "Raymond King",
    "customer": "Raymond King",
    "status": "Bid Submitted",
    "sales": 3087.06,
    "cost": 2756.3,
    "hours": 0,
    "laborSales": 0,
    "laborCost": 0,
    "quantity": 47.32,
    "estimator": "Swinehart Shelly",
    "dateCreated": "2025-08-25T04:00:00.000Z",
    "archived": false,
    "active": false,
    "pmcBreakdown": {
      "Part": 0
    }
  },
  {
    "id": "p_300",
    "projectNumber": "LG-25-001",
    "projectName": "Longwood Gardens Repair",
    "customer": "Bancroft Construction",
    "status": "Complete",
    "sales": 2943.91,
    "cost": 2164.64,
    "hours": 31,
    "laborSales": 1576.24,
    "laborCost": 1159,
    "quantity": 33,
    "estimator": "Stoltzfus Jr Isaac",
    "dateCreated": "2025-01-31T05:00:00.000Z",
    "archived": false,
    "active": false,
    "pmcBreakdown": {
      "1. Labor": 28,
      "Part": 0,
      "PM": 3
    }
  },
  {
    "id": "p_9",
    "projectNumber": "Engel Architects Basement",
    "projectName": "Engel Architects Basement",
    "customer": "(blank)",
    "status": "Estimating",
    "sales": 2688.21,
    "cost": 1536.12,
    "hours": 22.5,
    "laborSales": 1526,
    "laborCost": 872,
    "quantity": 40.64,
    "estimator": "Gilmore Todd",
    "dateCreated": "2026-02-06T05:00:00.000Z",
    "archived": false,
    "active": true,
    "pmcBreakdown": {}
  },
  {
    "id": "p_256",
    "projectNumber": "AE - 25 - 001",
    "projectName": "Alderfer Eggs Curb",
    "customer": "Hoover Building Specialists, Inc.",
    "status": "Bid Submitted",
    "sales": 2634.01,
    "cost": 1965.68,
    "hours": 37,
    "laborSales": 1906.82,
    "laborCost": 1423,
    "quantity": 76.93,
    "estimator": "Steffy Rick",
    "dateCreated": "2025-04-10T04:00:00.000Z",
    "archived": false,
    "active": false,
    "pmcBreakdown": {
      "Slab On Grade Labor": 24,
      "Travel Labor": 12,
      "Part": 0,
      "PM": 1
    }
  },
  {
    "id": "p_193",
    "projectNumber": "2507 - WSB",
    "projectName": "WS Bath",
    "customer": "Hoover Building Specialists, Inc.",
    "status": "Bid Submitted",
    "sales": 2345.78,
    "cost": 1763.75,
    "hours": 27.6,
    "laborSales": 1408.47,
    "laborCost": 1059,
    "quantity": 33.7,
    "estimator": "Steffy Rick",
    "dateCreated": "2025-07-29T04:00:00.000Z",
    "archived": false,
    "active": false,
    "pmcBreakdown": {
      "Slab On Grade Labor": 10,
      "Part": 0,
      "Site Concrete Labor": 8,
      "Travel Labor": 9,
      "PM": 0.6000000000000001
    }
  },
  {
    "id": "p_117",
    "projectNumber": "2510 - GSE",
    "projectName": "Goods Store - Ephrata State Street",
    "customer": "Hoover Building Specialists, Inc.",
    "status": "Complete",
    "sales": 2119,
    "cost": 1593.24,
    "hours": 19,
    "laborSales": 982.87,
    "laborCost": 739,
    "quantity": 59.66,
    "estimator": "Steffy Rick",
    "dateCreated": "2025-10-07T04:00:00.000Z",
    "archived": false,
    "active": true,
    "pmcBreakdown": {
      "Site Concrete Labor": 16,
      "Part": 0,
      "Travel Labor": 2,
      "PM": 1
    }
  },
  {
    "id": "p_150",
    "projectNumber": "2509 - RSCR",
    "projectName": "Regency Square Concrete Replacement",
    "customer": "Heck Construction",
    "status": "Lost",
    "sales": 2075.91,
    "cost": 1609.01,
    "hours": 27.8,
    "laborSales": 1423.1,
    "laborCost": 1070,
    "quantity": 44.44,
    "estimator": "Steffy Rick",
    "dateCreated": "2025-09-04T04:00:00.000Z",
    "archived": false,
    "active": false,
    "pmcBreakdown": {
      "Site Concrete Labor": 24,
      "Part": 0,
      "Subcontractor": 0,
      "Travel Labor": 3,
      "Equipment": 0,
      "PM": 0.8
    }
  },
  {
    "id": "p_210",
    "projectNumber": "2506 - SMS",
    "projectName": "Shalom Mennonite School",
    "customer": "Hoover Building Specialists, Inc.",
    "status": "Bid Submitted",
    "sales": 1144.91,
    "cost": 902.68,
    "hours": 7.2,
    "laborSales": 368.41,
    "laborCost": 277,
    "quantity": 12.7,
    "estimator": "Steffy Rick",
    "dateCreated": "2025-06-30T04:00:00.000Z",
    "archived": false,
    "active": false,
    "pmcBreakdown": {
      "Foundation Labor": 6,
      "Part": 0,
      "Equipment": 0,
      "Travel Labor": 1,
      "PM": 0.2
    }
  },
  {
    "id": "p_97",
    "projectNumber": "2510 - 121",
    "projectName": "121 S Prince Street",
    "customer": "CCS Building Group",
    "status": "Lost",
    "sales": 1107.31,
    "cost": 738.21,
    "hours": 8,
    "laborSales": 481.5,
    "laborCost": 321,
    "quantity": 12.01,
    "estimator": "Steffy Rick",
    "dateCreated": "2025-10-28T04:00:00.000Z",
    "archived": false,
    "active": false,
    "pmcBreakdown": {
      "Site Concrete Labor": 6,
      "Part": 0,
      "PM": 1,
      "Travel Labor": 1
    }
  },
  {
    "id": "p_167",
    "projectNumber": "2508-STWW",
    "projectName": "Superior Trusses Sprinkler System",
    "customer": "Hoover Building Specialists, Inc.",
    "status": "Bid Submitted",
    "sales": 914.79,
    "cost": 687.81,
    "hours": 13.9,
    "laborSales": 711.55,
    "laborCost": 535,
    "quantity": 14.92,
    "estimator": "Swinehart Shelly",
    "dateCreated": "2025-08-21T04:00:00.000Z",
    "archived": false,
    "active": false,
    "pmcBreakdown": {
      "Slab On Grade Labor": 12,
      "Part": 0,
      "Travel Labor": 1.5,
      "PM": 0.4
    }
  },
  {
    "id": "p_42",
    "projectNumber": "2512 - PPG",
    "projectName": "Providence Park Garage 306",
    "customer": "CCS Building Group",
    "status": "Lost",
    "sales": 530.85,
    "cost": 284.9,
    "hours": 5,
    "laborSales": 414,
    "laborCost": 207,
    "quantity": 6.27,
    "estimator": "Steffy Rick",
    "dateCreated": "2025-12-30T05:00:00.000Z",
    "archived": false,
    "active": true,
    "pmcBreakdown": {
      "Site Concrete Labor": 4,
      "PM": 1,
      "Part": 0
    }
  },
  {
    "id": "p_2",
    "projectNumber": "(blank)",
    "projectName": "Manada Electric",
    "customer": "Heck Construction",
    "status": "Estimating",
    "sales": 0,
    "cost": 0,
    "hours": 0,
    "laborSales": 0,
    "laborCost": 0,
    "quantity": 0,
    "estimator": "Steffy Rick",
    "dateCreated": "2026-02-17T05:00:00.000Z",
    "archived": false,
    "active": false,
    "pmcBreakdown": {
      "Uncategorized": 0
    }
  },
  {
    "id": "p_10",
    "projectNumber": "(blank)",
    "projectName": "Standard Estimating Template",
    "customer": "(blank)",
    "status": "Estimating",
    "sales": 0,
    "cost": 0,
    "hours": 0,
    "laborSales": 0,
    "laborCost": 0,
    "quantity": 0,
    "estimator": "(blank)",
    "dateCreated": "2026-02-06T05:00:00.000Z",
    "archived": false,
    "active": false,
    "pmcBreakdown": {}
  },
  {
    "id": "p_22",
    "projectNumber": "(blank)",
    "projectName": "Thaddeus Stevens - Dorm Building",
    "customer": "Benchmark Construction Co., Inc.",
    "status": "Estimating",
    "sales": 0,
    "cost": 0,
    "hours": 0,
    "laborSales": 0,
    "laborCost": 0,
    "quantity": 39226.48,
    "estimator": "Stoltzfus Jr Isaac",
    "dateCreated": "2026-01-22T05:00:00.000Z",
    "archived": false,
    "active": false,
    "pmcBreakdown": {
      "Subcontractor": 0,
      "Part": 0,
      "Equipment": 0,
      "PM": 0,
      "Travel Labor": 0,
      "Site Concrete Labor": 0,
      "Slab On Grade Labor": 0,
      "Foundation Labor": 0,
      "Uncategorized": 0
    }
  },
  {
    "id": "p_23",
    "projectNumber": "(blank)",
    "projectName": "Brixmor - Barn Plaza",
    "customer": "Milex Construction, LLC",
    "status": "Estimating",
    "sales": 0,
    "cost": 0,
    "hours": 0,
    "laborSales": 0,
    "laborCost": 0,
    "quantity": 638.04,
    "estimator": "Stoltzfus Jr Isaac",
    "dateCreated": "2026-01-22T05:00:00.000Z",
    "archived": true,
    "active": false,
    "pmcBreakdown": {
      "Subcontractor": 0,
      "Part": 0,
      "Equipment": 0,
      "PM": 0,
      "Travel Labor": 0,
      "Slab On Grade Labor": 0,
      "Wall Labor": 0,
      "Foundation Labor": 0
    }
  },
  {
    "id": "p_55",
    "projectNumber": "Ducklings Ambassador Circle Site",
    "projectName": "Ducklings Ambassador Circle Site",
    "customer": "(blank)",
    "status": "Estimating",
    "sales": 0,
    "cost": 0,
    "hours": 0,
    "laborSales": 0,
    "laborCost": 0,
    "quantity": 0,
    "estimator": "Allgyer Mervin",
    "dateCreated": "2025-12-16T05:00:00.000Z",
    "archived": false,
    "active": true,
    "pmcBreakdown": {}
  },
  {
    "id": "p_86",
    "projectNumber": "(blank)",
    "projectName": "PMC Operations",
    "customer": "(blank)",
    "status": "Estimating",
    "sales": 0,
    "cost": 0,
    "hours": 0,
    "laborSales": 0,
    "laborCost": 0,
    "quantity": 0,
    "estimator": "Gilmore Todd",
    "dateCreated": "2025-11-04T05:00:00.000Z",
    "archived": false,
    "active": true,
    "pmcBreakdown": {}
  },
  {
    "id": "p_88",
    "projectNumber": "2511-EA",
    "projectName": "Engel Architects Basement VOID",
    "customer": "Engel Architects",
    "status": "Complete",
    "sales": 0,
    "cost": 0,
    "hours": 0,
    "laborSales": 0,
    "laborCost": 0,
    "quantity": 0,
    "estimator": "Stoltzfus Levi",
    "dateCreated": "2025-11-03T05:00:00.000Z",
    "archived": false,
    "active": false,
    "pmcBreakdown": {
      "Uncategorized": 0
    }
  },
  {
    "id": "p_118",
    "projectNumber": "(blank)",
    "projectName": "New Project",
    "customer": "(blank)",
    "status": "Estimating",
    "sales": 0,
    "cost": 0,
    "hours": 0,
    "laborSales": 0,
    "laborCost": 0,
    "quantity": 0,
    "estimator": "Gilmore Todd",
    "dateCreated": "2025-10-07T04:00:00.000Z",
    "archived": true,
    "active": false,
    "pmcBreakdown": {}
  },
  {
    "id": "p_126",
    "projectNumber": "Witmer Property",
    "projectName": "Witmer Property",
    "customer": "(blank)",
    "status": "Estimating",
    "sales": 0,
    "cost": 0,
    "hours": 0,
    "laborSales": 0,
    "laborCost": 0,
    "quantity": 0,
    "estimator": "Stoltzfus Levi",
    "dateCreated": "2025-09-29T04:00:00.000Z",
    "archived": false,
    "active": false,
    "pmcBreakdown": {}
  },
  {
    "id": "p_132",
    "projectNumber": "701 Poplar Church Rd",
    "projectName": "701 Poplar Church Rd",
    "customer": "(blank)",
    "status": "Estimating",
    "sales": 0,
    "cost": 0,
    "hours": 0,
    "laborSales": 0,
    "laborCost": 0,
    "quantity": 0,
    "estimator": "Swinehart Shelly",
    "dateCreated": "2025-09-24T04:00:00.000Z",
    "archived": false,
    "active": false,
    "pmcBreakdown": {}
  },
  {
    "id": "p_134",
    "projectNumber": "Paneling Sales Pine Building",
    "projectName": "Paneling Sales Pine Building",
    "customer": "(blank)",
    "status": "Estimating",
    "sales": 0,
    "cost": 0,
    "hours": 0,
    "laborSales": 0,
    "laborCost": 0,
    "quantity": 0,
    "estimator": "Gilmore Todd",
    "dateCreated": "2025-09-24T04:00:00.000Z",
    "archived": false,
    "active": false,
    "pmcBreakdown": {}
  },
  {
    "id": "p_151",
    "projectNumber": "Shop_Equipment_Test",
    "projectName": "Shop_Equipment_Test",
    "customer": "(blank)",
    "status": "Estimating",
    "sales": 0,
    "cost": 0,
    "hours": 0,
    "laborSales": 0,
    "laborCost": 0,
    "quantity": 0,
    "estimator": "Gilmore Todd",
    "dateCreated": "2025-09-04T04:00:00.000Z",
    "archived": false,
    "active": false,
    "pmcBreakdown": {}
  },
  {
    "id": "p_155",
    "projectNumber": "PMC_Shop_Time",
    "projectName": "PMC_Shop_Time",
    "customer": "(blank)",
    "status": "Estimating",
    "sales": 0,
    "cost": 0,
    "hours": 0,
    "laborSales": 0,
    "laborCost": 0,
    "quantity": 0,
    "estimator": "Gilmore Todd",
    "dateCreated": "2025-09-02T04:00:00.000Z",
    "archived": false,
    "active": false,
    "pmcBreakdown": {}
  },
  {
    "id": "p_168",
    "projectNumber": "Mechanicsburg Volunteer Fire Department",
    "projectName": "Mechanicsburg Volunteer Fire Department",
    "customer": "(blank)",
    "status": "Estimating",
    "sales": 0,
    "cost": 0,
    "hours": 0,
    "laborSales": 0,
    "laborCost": 0,
    "quantity": 0,
    "estimator": "Stoltzfus Jr Isaac",
    "dateCreated": "2025-08-21T04:00:00.000Z",
    "archived": false,
    "active": false,
    "pmcBreakdown": {}
  },
  {
    "id": "p_171",
    "projectNumber": "Ducklings Ambassador Circle",
    "projectName": "Ducklings Ambassador Circle",
    "customer": "(blank)",
    "status": "Estimating",
    "sales": 0,
    "cost": 0,
    "hours": 0,
    "laborSales": 0,
    "laborCost": 0,
    "quantity": 0,
    "estimator": "Stoltzfus Levi",
    "dateCreated": "2025-08-15T04:00:00.000Z",
    "archived": false,
    "active": false,
    "pmcBreakdown": {}
  },
  {
    "id": "p_172",
    "projectNumber": "Gables 608",
    "projectName": "Gables 608",
    "customer": "(blank)",
    "status": "Estimating",
    "sales": 0,
    "cost": 0,
    "hours": 0,
    "laborSales": 0,
    "laborCost": 0,
    "quantity": 0,
    "estimator": "Stoltzfus Levi",
    "dateCreated": "2025-08-15T04:00:00.000Z",
    "archived": false,
    "active": false,
    "pmcBreakdown": {}
  },
  {
    "id": "p_261",
    "projectNumber": "(blank)",
    "projectName": "Solanco HS Toilet Room Reno",
    "customer": "Paul Risk Construction",
    "status": "Invitations",
    "sales": 0,
    "cost": 0,
    "hours": 0,
    "laborSales": 0,
    "laborCost": 0,
    "quantity": 0,
    "estimator": "(blank)",
    "dateCreated": "2025-04-08T04:00:00.000Z",
    "archived": false,
    "active": false,
    "pmcBreakdown": {
      "Uncategorized": 0
    }
  },
  {
    "id": "p_291",
    "projectNumber": "(blank)",
    "projectName": "CONSTRUCT HANGAR AND PARKING LOT - INDIANA COUNTY JIMMY STEWART AIRPORT",
    "customer": "Dove Contracting Inc",
    "status": "Invitations",
    "sales": 0,
    "cost": 0,
    "hours": 0,
    "laborSales": 0,
    "laborCost": 0,
    "quantity": 0,
    "estimator": "(blank)",
    "dateCreated": "2025-02-19T05:00:00.000Z",
    "archived": false,
    "active": false,
    "pmcBreakdown": {
      "Uncategorized": 0
    }
  },
  {
    "id": "p_333",
    "projectNumber": "(blank)",
    "projectName": "Standard Project Template",
    "customer": "(blank)",
    "status": "Estimating",
    "sales": 0,
    "cost": 0,
    "hours": 0,
    "laborSales": 0,
    "laborCost": 0,
    "quantity": 0,
    "estimator": "Stoltzfus Levi",
    "dateCreated": "2024-10-08T04:00:00.000Z",
    "archived": false,
    "active": false,
    "pmcBreakdown": {}
  }
]